3128 5352
379 341 445 408 330
809 341 966 398 thidericus
985 342 1124 399 Vollmer:

467 511 600 572 Fortuna
618 513 704 572 nohis
724 513 798 572 bene
813 514 963 574 consuluit
980 514 1126 574 servando
1141 513 1295 588 complura
1310 513 1542 588 decretamuibus

350 633 355 640 ·
378 604 432 660 ant
442 605 563 662 senatus
579 605 631 660 aut
640 603 868 678 municipiorum
878 604 995 664 ordines
1006 604 1094 662 funus
1107 602 1259 679 publicum
1269 603 1423 661 dederunt.
1452 602 1542 660 Primo

379 691 443 750 loco
463 693 525 750 stat
543 689 693 750 Ciceronis
713 693 864 751 sententia
882 693 963 752 dicta
985 692 1016 750 in
1040 695 1148 752 senatu
1171 709 1273 750 mense
1292 691 1458 750 Februario
1486 693 1543 750 anni

380 773 514 858 711s43,
529 799 587 856 qua
600 781 678 856 pct't
691 783 727 840 ut
737 779 799 840 Ser.
810 780 957 857 Sulpicius
968 781 1073 857 Rufus
1088 783 1138 858 qni
1152 782 1184 840 in
1197 780 1347 856 legatione
1361 780 1399 838 ad
1410 781 1450 839 M.
1463 781 1543 838 Anto·

376 869 459 928 nium
474 869 577 928 morbo
593 870 716 946 obierat,
731 871 893 929 honoretur
907 873 1009 930 statua
1021 871 1155 946 pedestri
1169 887 1262 930 aenea
1275 868 1307 927 in
1317 870 1431 944 rostris,
1449 870 1543 927 funere

377 961 408 1016 et
425 958 562 1033 sepulcro
580 951 750 1040 publicis.¹)
786 959 872 1019 Hanc
891 958 1039 1019 Ciceronis
1059 960 1239 1019 sententiam
1258 958 1329 1017 lieet
1350 977 1405 1034 pro
1430 963 1544 1018 senatus

376 1047 512 1106 consulto
531 1047 650 1124 habere,
670 1067 737 1106 cum
751 1047 933 1124 Pomponius
948 1050 1078 1108 testetur
1094 1068 1158 1108 eam
1173 1047 1330 1123 placuisse.
1337 1039 1364 1128 2)
1394 1047 1544 1107 Invenitur

379 1139 478 1195 autem
493 1137 642 1196 sententia
656 1137 687 1195 in
702 1137 836 1197 oratione
850 1137 1019 1214 Philippica
1032 1139 1093 1214 IX,
1108 1141 1199 1213 caput
1213 1139 1260 1196 est
1274 1137 1444 1212 septimum.
1473 1130 1544 1215 (vids

377 1228 548 1284 contextum
565 1247 595 1302 p.
610 1221 741 1306 345sq.)

464 1315 659 1390 Municipalia
684 1319 764 1374 certe
786 1317 847 1376 tria
869 1319 988 1375 exstant
1016 1317 1136 1374 decreta
1163 1317 1200 1374 de
1227 1314 1385 1374 funeribus
1413 1317 1544 1392 publicis

374 1404 508 1463 Primum
527 1406 574 1463 est
588 1402 772 1480 Campanum
791 1405 856 1464 aevi
871 1404 1020 1482 Augustei
1035 1403 1065 1463 0.
1080 1405 1103 1464 L
1119 1405 1152 1462 L.
1166 1403 1202 1464 X.
1218 1406 1304 1464 3903
1324 1395 1408 1484 (vide
1427 1425 1458 1480 p.
1476 1397 1545 1482 346)

375 1495 504 1554 alterum
521 1493 720 1578 Puteolanum
739 1492 769 1554 C.
784 1494 807 1553 I.
823 1494 856 1554 L.
870 1493 905 1552 X.
922 1496 1008 1554 1784
1033 1493 1104 1552 anni
1122 1513 1149 1568 p.
1171 1493 1239 1552 Chr.
1256 1495 1333 1569 187,
1356 1494 1487 1552 tertium
1510 1514 1544 1550 re·

375 1586 494 1658 pertum
509 1582 610 1642 Siccae
624 1582 745 1643 Africae
760 1584 836 1659 Eph.
851 1603 896 1662 cp.
912 1583 948 1643 V.
964 1585 1026 1644 628
1043 1607 1085 1630 =
1100 1581 1165 1642 ul.
1176 1583 1208 1644 L.
1224 1582 1306 1642 VIII.
1327 1583 1423 1659 suppl.
1442 1585 1545 1643 15880

376 1672 488 1732 saeculi
507 1676 541 1730 ut
559 1675 632 1747 puto
651 1673 698 1731 ΙΠ
715 1673 764 1732 vel
778 1671 829 1732 lV.
859 1665 941 1755 (vide
959 1693 1009 1749 pp.
1024 1675 1090 1733 350
1109 1673 1139 1731 et
1159 1663 1280 1753 352.)⁸)

463 1762 565 1821 Funus
580 1761 675 1837 igitur
688 1761 841 1837 publicum
855 1762 1025 1821 decernitur
1038 1781 1057 1820 a
1071 1764 1178 1820 senatu
1191 1762 1240 1822 vel
1255 1760 1359 1820 ordine
1375 1763 1546 1837 postulanti

374 1851 483 1926 aliquo.
521 1851 578 1920 Qui
596 1851 787 1927 praesidebat
807 1852 899 1910 verba
917 1852 988 1910 fecit
1006 1852 1042 1910 de
1061 1853 1157 1910 morte
1176 1850 1357 1910 utbreviter
1376 1849 1413 1908 de
1433 1851 1545 1908 meritis

375 1941 495 2013 mortui,
514 1941 580 1998 tum
599 1940 747 1998 sententia
766 1940 847 1998 dicta
866 1943 897 2000 et
915 1940 1044 2015 probata
1063 1943 1117 1999 est
1153 1939 1267 1999 Deinde
1286 1959 1320 1998 eo
1339 1943 1481 2014 tempore
1499 1961 1546 2016 spuo

375 2047 437 2088 mos
461 2029 612 2103 perfectus
635 2029 695 2088 iam
719 2031 797 2103 erat,
821 2029 993 2090 oonsulibus
1016 2030 1064 2088 vel
1089 2029 1222 2088 duoviris
1245 2027 1422 2088 mandatum
1446 2034 1501 2088 est
1523 2044 1544 2085 u

374 2251 473 2306 officiis
492 2252 537 2306 vel
556 2252 729 2321 praeceptis,
755 2251 810 2306 nisi
829 2252 905 2321 quod
922 2252 952 2306 in
970 2252 1171 2322 imperatorum
1190 2251 1335 2307 funeribus
1359 2269 1466 2323 agmen
1494 2272 1546 2323 pro-

375 2323 563 2392 sequebantur
582 2325 611 2376 et
630 2340 729 2392 rogum
748 2322 903 2391 ambibunt,
923 2323 957 2377 cf.
976 2322 1051 2377 infra
1068 2342 1097 2393 p.
1112 2329 1164 2378 338
1182 2325 1240 2378 not.
1255 2329 1279 2378 5.
1296 2355 1327 2364 -
1343 2323 1385 2377 De
1403 2324 1547 2379 funeribu-

372 2395 493 2464 pnblicis
525 2395 682 2464 legatorum
716 2398 746 2450 et
770 2395 981 2465 peregrinorum
1009 2412 1042 2449 ex
1069 2412 1121 2448 usu
1148 2393 1223 2450 datis
1250 2395 1315 2450 vide
1343 2411 1429 2465 supra
1456 2415 1489 2466 p.
1507 2404 1547 2452 32Ι

373 2469 402 2520 et
419 2468 478 2520 not.
493 2471 518 2521 4.

463 2539 489 2605 1)
509 2536 605 2592 Cicero
624 2536 654 2590 in
672 2537 724 2592 illa
743 2538 868 2593 oratione
888 2555 972 2605 quam
990 2538 1092 2592 habuit
1108 2539 1141 2592 nt
1154 2537 1324 2592 sententiam
1339 2541 1547 2595 commendare·

373 2608 465 2662 multa
482 2606 553 2661 facit
570 2608 658 2662 verba
677 2610 712 2663 de
731 2609 832 2664 statuis
851 2609 988 2678 ponendis
1007 2612 1036 2663 et
1053 2607 1162 2678 positis,
1181 2609 1257 2678 quod
1271 2608 1302 2666 P.
1318 2608 1458 2664 Servilius
1483 2615 1545 2665 hou

374 2678 497 2748 Sulpicio
516 2680 648 2748 negabat,
666 2679 738 2734 nihil
757 2680 827 2735 dicit
845 2681 879 2734 de
897 2680 995 2736 funere
1014 2679 1137 2750 publico.
1169 2680 1267 2750 Neque
1285 2679 1316 2734 in
1330 2681 1393 2750 ipsa
1407 2684 1547 2738 sententio

370 2750 441 2805 haee
458 2751 574 2820 propria
591 2753 677 2806 verba
695 2751 883 2808 inveniuntur.
917 2751 991 2808 Cave
1010 2753 1107 2807 tamen
1126 2751 1202 2806 dicas
1218 2751 1275 2806 Ser.
1292 2751 1417 2821 Sulpicio
1433 2757 1546 2808 omnino

372 2823 454 2876 funus
477 2821 623 2892 publicum
647 2823 790 2878 decretum
815 2840 871 2878 non
895 2840 963 2878 esse.
1004 2822 1076 2878 Sane
1099 2839 1150 2892 pro
1173 2839 1207 2877 eo
1231 2823 1307 2892 quod
1330 2821 1360 2878 in
1383 2826 1546 2893 posteriori

372 2893 435 2947 aevi
454 2893 572 2948 decretis
591 2893 711 2962 legimus
732 2895 839 2948 ‘funere
857 2911 907 2962 per
926 2894 1056 2950 duoviros
1075 2894 1196 2948 alterum
1215 2895 1348 2949 ambosve
1368 2894 1481 2950 locato’
1511 2913 1547 2951 au

373 2963 467 3018 ‘funus
486 2964 631 3035 publicum
650 2963 677 3020 ei
696 2965 817 3020 decerni'
840 2964 936 3020 Cicero
954 2965 1015 3020 volt
1039 2965 1204 3035 simpliciter
1228 2966 1352 3034 ‘placere
1376 2983 1443 3020 eum
1470 2989 1546 3040 quan

371 3035 552 3105 amplissume
575 3053 704 3106 supremo
729 3055 778 3092 suo
803 3036 848 3091 die
873 3036 978 3092 efferri’
1006 3040 1035 3092 st
1056 3037 1163 3092 remitti
1186 3037 1319 3091 aedilium
1343 3039 1379 3092 de
1403 3039 1546 3095 funeribu»

371 3107 503 3162 edictum.
541 3108 596 3162 Sed
616 3109 716 3162 senatu
734 3109 781 3162 vix
800 3108 915 3177 dignum
934 3107 1045 3163 videtur
1064 3108 1186 3164 edietum
1205 3108 1341 3162 aedilium
1357 3111 1513 3167 remittere
1529 3127 1547 3165 st

369 3179 452 3234 funus
471 3196 556 3248 quam
576 3178 747 3248 amplissime
762 3181 820 3247 fiat,
834 3196 924 3250 neque
938 3195 972 3234 ex
986 3180 1094 3234 aerario
1110 3197 1248 3234 summam
1262 3180 1329 3235 darc
1348 3197 1406 3249 qua
1422 3189 1546 3254 sumptu·

370 3253 573 3320 compensetur.
587 3281 623 3291 -
637 3251 743 3316 Quodsi
763 3250 825 3320 quis
844 3251 875 3304 in
893 3268 926 3306 eo
946 3250 1063 3306 offendit
1082 3251 1157 3320 quod
1180 3267 1236 3305 non
1260 3241 1395 3308 definitur
1420 3260 1542 3323 pecunie

371 3337 464 3375 seeum
483 3323 598 3391 reputet
615 3339 650 3376 ne
669 3323 777 3377 statuae
797 3321 908 3392 quidem
928 3325 1054 3392 sumptus
1074 3322 1216 3377 constitui.

460 3395 487 3462 2)
507 3393 589 3464 Digg.
605 3393 625 3446 Ι.
640 3399 664 3448 2.
680 3399 704 3448 2.
720 3399 754 3447 43
776 3393 900 3449 ‘Servius
920 3411 982 3449 eum
1000 3395 1031 3448 in
1049 3392 1192 3464 legatione
1214 3394 1347 3462 perisset,
1361 3396 1507 3453 ,statuam
1531 3399 1546 3450 ei

370 3465 491 3533 populus
501 3463 644 3520 Romanus
658 3482 709 3534 pro
724 3464 822 3520 rostris
836 3463 933 3534 posuit
945 3468 975 3521 et
984 3465 1123 3534 hodieque
1133 3466 1226 3520 exstat
1235 3483 1285 3534 pro
1299 3466 1400 3521 rostris
1410 3467 1545 3540 Augusti*

370 3535 512 3605 (nimirum
530 3535 572 3590 ibi
591 3537 699 3590 statuta
718 3536 753 3590 ab
772 3537 839 3606 imp.
859 3537 932 3605 Aug.
951 3537 985 3591 cl.
1005 3537 1118 3592 Sueton.
1137 3536 1209 3606 Aug.
1225 3537 1279 3605 31).

460 3609 487 3676 3)
506 3606 587 3662 Basis
595 3607 735 3662 Abellana
745 3607 773 3663 0.
784 3608 804 3664 Ι.
815 3607 847 3662 L.
857 3607 889 3661 X.
902 3613 971 3663 1208
986 3607 1061 3678 (vide
1071 3626 1098 3677 p.
1110 3609 1173 3678 354)
1186 3608 1394 3664 continueritne
1404 3610 1544 3668 decretur

371 3678 477 3733 ordinis
491 3678 526 3732 dc
541 3679 636 3733 funere
650 3679 764 3748 publico
779 3695 814 3732 an
829 3679 864 3733 de
879 3681 973 3734 statua
985 3677 1097 3749 publice
1112 3679 1243 3748 ponenda
1256 3697 1311 3734 non
1321 3678 1425 3749 liquet.
1456 3685 1537 3752 Neqs

371 3751 513 3804 decretum
533 3753 575 3804 est
593 3751 747 3819 integrum
767 3749 835 3805 satis
852 3749 1012 3804 habuerunt
1025 3754 1156 3819 parentes
1170 3753 1204 3819 (l)
1224 3752 1311 3820 eaput
1325 3753 1355 3806 et
1368 3755 1539 3822 rogationes

369 3819 574 3875 inscribendam
591 3836 695 3889 curare,
715 3822 794 3876 deest
806 3822 898 3891 ipsum
913 3822 1057 3891 placitum.
1091 3822 1150 3876 Nec
1165 3822 1200 3876 de
1214 3823 1320 3877 honore
1336 3827 1458 3880 constat
1474 3847 1541 3897 quur

371 3891 543 3946 continuerit
556 3893 698 3947 decretum
713 3893 931 3962 Neapolitanum
947 3892 1041 3962 (Inscr.
1057 3891 1153 3950 Graec.
1167 3893 1232 3948 Ital.
1248 3895 1277 3946 et
1292 3893 1370 3948 Sicil.
1387 3895 1434 3951 ed.
1454 3899 1537 3952 Kaih

371 3967 441 4033 760).
479 3962 624 4018 Xaibelins
643 3963 692 4017 ille
711 3964 823 4031 quidem
840 3963 985 4033 supplevit
1002 3963 1050 4018 lin.
1066 3962 1136 4036 sj10
1155 3964 1175 4019 ‘.
1192 4007 1220 4019 ..
1242 3967 1298 4034 [καὶ
1312 3967 1436 4022 θάπτειν
1454 3969 1546 4035 αὐτὴν

371 4036 480 4103 δαπάνῃ
500 4037 549 4100 μὲν
564 4035 688 4104 δημοείᾳ,
707 4036 844 4106 ἐπιμελείᾳ
859 4038 889 4090 δὲ
902 4041 961 4090 τῶν
975 4035 1195 4103 soccessores.
1230 4036 1284 4090 Sed
1300 4053 1363 4090 cum
1379 4054 1406 4092 v.
1427 4047 1467 4095 14
1483 4045 1541 4109 leg..

370 4124 432 4160 mus
460 4107 523 4174 ‘rhu
547 4109 596 4172 μὲν
620 4106 666 4160 εἰ(
688 4107 748 4160 τὸν
772 4107 959 4175 ἀνδριάντα
982 4107 1114 4174 δημοείαν
1138 4109 1265 4174 δαπάνην
1284 4109 1356 4174 ἣνὴ
1378 4113 1475 4180 βουλὴ
1497 4132 1541 4166 cos

371 4183 496 4232 παθοῠεα
515 4178 683 4246 ἐψηφὶεατο’
705 4177 813 4232 cautius
832 4178 901 4248 puto
926 4179 1055 4248 supplere
1077 4179 1110 4232 ut
1127 4178 1181 4232 feci
1200 4178 1275 4248 (vide
1292 4197 1321 4248 p.
1337 4181 1413 4250 355).
1460 4184 1537 4251 Nequ

369 4250 455 4303 verba
469 4248 517 4303 lin.
530 4253 561 4302 11
579 4249 635 4302 ‘not
649 4250 687 4303 etc
700 4255 790 4303 rotro
800 4250 960 4305 sroovuzev’
976 4249 1168 4318 intellegenda
1182 4251 1248 4304 sunt
1261 4249 1405 4306 defunere
1421 4257 1540 4324 publico

370 4320 602 4375 circumscribunt
628 4321 678 4374 ‘etc
696 4321 820 4389 κηδείαν
845 4321 990 4376 vocabula.
1027 4319 1058 4373 In
1082 4319 1175 4374 titulis
1200 4323 1293 4375 autern
1317 4321 1455 4379 eiusdem
1481 4329 1540 4380 vos

369 4391 452 4446 minis
471 4391 632 4446 Kaibeliani
652 4397 702 4446 ⁷57
722 4395 751 4447 et
766 4397 817 4447 758
837 4397 881 4462 (=
893 4391 921 4446 Ο.
933 4393 952 4447 l.
964 4391 994 4448 L.
1008 4391 1042 4446 X.
1054 4396 1130 4446 1489.
1147 4395 1227 4460 1490)
1246 4391 1332 4447 verba
1346 4393 1424 4450 finnt
1442 4400 1481 4454 de
1497 4401 1543 4452 lor·

369 4464 543 4532 sepulturae,
571 4479 628 4517 non
652 4463 686 4518 de
709 4463 807 4518 funere
835 4462 957 4533 publico.
1004 4461 1079 4518 Ordo
1107 4463 1232 4518 decernit
1257 4464 1372 4518 tantum
1402 4465 1438 4521 in
1464 4473 1539 4539 prior

369 4537 546 4605 λιβ(ανωταῠ)
564 4533 678 4604 λ(ίτρα()
699 4553 715 4588 κ
733 4535 885 4590 mittendas
904 4535 933 4588 in
953 4533 1089 4590 solacium
1107 4537 1264 4603 parentum.
