3128 5352
362 363 402 419 De
422 363 517 420 funere
535 363 649 436 publico
668 366 863 422 Romanorum.
1135 366 1200 432 323

42 553 126 610 paene
152 533 341 594 incredibiles
369 535 551 595 ornamentis
579 539 611 594 et
638 537 778 596 odoribus
807 539 998 612 consumptas
1027 557 1091 597 esse
1119 539 1202 615 leges

42 625 234 699 sumptuariae
253 627 284 683 61
303 625 466 700 scriptores
485 627 645 684 testantur.
653 616 678 706 1)

120 713 243 772 Funeris
261 713 413 790 impensae
432 734 464 773 re
484 733 555 774 vera
572 714 693 790 publice
711 719 775 774 tum
791 715 921 791 primum
936 716 1023 775 datae
1038 718 1116 790 sunt,
1136 735 1202 775 cum

41 804 540 863 1616111116161111166116616116
566 805 683 863 solutae
708 808 785 863 sunt.
823 804 906 875 Quod
931 806 1049 882 quando
1073 806 1203 881 primum

39 893 143 951 lactum
161 891 200 951 sit
218 893 340 970 Romae,
358 912 412 952 nos
431 893 568 952 uoniam
588 913 692 953 eruere
711 913 877 969 possumus.
915 893 957 952 Ut
975 895 1006 952 in
1026 895 1092 954 aliis
1111 895 1203 953 hono·
1297 939 1301 944 .

39 982 114 1040 ribus
131 983 174 1040 ita
191 982 223 1040 in
241 983 297 1042 hoc
315 982 523 1042 commentarii
541 983 675 1058 gentium
691 983 847 1043 domestici
862 987 893 1043 et
907 983 1066 1060 scriptores
1081 983 1202 1061 gentilis

38 1071 150 1130 honoris
169 1071 270 1147 cupidi
288 1073 447 1132 veritatem
467 1072 703 1132 obscuraverunt
722 1073 832 1132 nubilis
859 1092 934 1149 quae
952 1091 1007 1138 nos
1026 1074 1134 1148 fugare
1153 1093 1201 1131 ne·

37 1161 156 1234 quimus.
204 1159 315 1221 Gentes
348 1162 537 1239 aliquantum
570 1161 733 1221 eminentes
761 1162 911 1220 finxerunt
938 1162 1109 1234 historiam,
1144 1181 1203 1237 qua

36 1250 175 1308 maiorum
194 1250 284 1309 alicui
303 1253 333 1309 et
351 1251 481 1326 posteris
500 1250 590 1310 funus
616 1251 846 1328 sepulcrumque
868 1251 986 1327 publice
1010 1251 1099 1326 idque
1123 1252 1204 1310 intra

37 1339 195 1413 pomerium
223 1340 327 1398 datum
355 1357 421 1399 esse
448 1340 639 1398 narrabatur.
685 1339 783 1409 Quare
812 1340 1028 1416 antiquissimis
1059 1341 1202 1415 exemplis

36 1429 120 1487 huius
137 1429 259 1487 honoris
273 1447 292 1487 a
306 1429 503 1506 scriptoribus
522 1429 672 1489 historicis
687 1429 808 1489 traditis
823 1430 912 1488 fidem
926 1430 1037 1488 habere
1051 1448 1110 1488 non
1124 1429 1203 1489 licet.

35 1517 94 1576 Nec
111 1517 327 1595 neglegendum
348 1521 394 1578 est
411 1518 494 1578 nullo
514 1519 545 1576 in
563 1518 697 1578 virorum
716 1519 761 1577 rei
779 1518 917 1594 publicae
940 1519 1053 1578 liberae
1076 1520 1202 1578 honora·

35 1611 128 1665 torum
154 1607 252 1684 elogio
280 1627 356 1685 quae
385 1608 506 1685 quidem
530 1609 615 1667 nobis
640 1611 759 1668 servata
782 1607 843 1666 sint
865 1608 978 1668 funeris
1002 1606 1116 1682 publici
1140 1607 1204 1666 fieri

34 1695 219 1772 mentionem,
238 1715 306 1756 cum
326 1697 377 1756 alii
395 1699 523 1756 honores
543 1716 611 1756 cum
629 1715 701 1756 cura
716 1700 936 1756 enumerentur.
968 1696 1080 1767 Quodsi
1094 1718 1122 1773 p.
1139 1698 1201 1755 322

31 1788 122 1844 11611
141 1789 221 1844 recte
240 1786 448 1860 iudicavimus,
466 1787 523 1845 hoc
543 1789 643 1845 tamen
664 1789 781 1845 constat
795 1789 865 1845 ante
879 1785 1034 1844 Valerium
1048 1785 1203 1844 Antiatem

33 1867 69 1952 (c.
87 1875 237 1934 100-50
257 1893 283 1933 a.
299 1873 367 1934 Chr.
383 1868 427 1955 n.)
446 1875 478 1933 in
495 1875 659 1935 honoribus
677 1877 749 1936 civis
764 1875 839 1934 bene
854 1876 954 1934 meriti
968 1875 1105 1933 maximis
1119 1875 1203 1933 habi·

32 1970 95 2021 tum
114 1979 178 2022 esse
197 1964 286 2023 funus
310 1964 471 2040 publicum.
507 1964 572 2024 Hoc
595 1983 663 2024 cum
685 1966 820 2042 tempore
847 1964 974 2024 concinit
998 1965 1201 2024 testimonium

32 2044 214 2134 Ciceronisl)
233 2057 263 2112 11
282 2054 361 2131 quod
387 2055 465 2113 circa
488 2073 598 2113 annum
619 2052 812 2114 locabar.
833 2055 941 2130 oppida
960 2054 1066 2112 Italiae
1090 2073 1204 2112 morem

31 2145 177 2202 urbanum
189 2142 356 2220 imitantur,
371 2143 397 2202 si
410 2162 516 2203 verum
531 2144 578 2204 611
593 2144 672 2218 quod
687 2163 723 2204 ex
737 2143 878 2202 Suetonio
894 2144 1096 2218 Hieronymus
1111 2143 1205 2202 tradit

29 2231 176 2290 Lucilium
194 2233 315 2307 poetam
333 2251 359 2292 a.
377 2234 439 2292 103
459 2233 586 2308 Neapoli
605 2231 722 2307 publice
742 2234 855 2290 elatum
875 2223 982 2313 esse.³)
1019 2231 1204 2290 Crediderim

28 2325 129 2378 tamen
147 2321 203 2380 hoc
222 2321 342 2380 demum
360 2323 495 2396 tempore
519 2341 581 2380 rem
605 2322 819 2397 increbruisse,
848 2340 915 2380 cum
939 2321 1019 2380 cives
1043 2324 1106 2378 tam
1130 2321 1204 2379 bene

28 2409 128 2468 meriti
143 2429 234 2484 quam
247 2409 280 2479 Q.
291 2410 402 2470 Fabius
413 2410 561 2470 Maximus
576 2403 649 2490 (cos.
665 2409 701 2468 V.
718 2401 883 2491 5451109)
898 2413 928 2469 et
943 2410 976 2471 P.
987 2409 1084 2485 Scipio
1095 2409 1205 2468 Nasica

27 2493 103 2578 (661.
116 2497 155 2558 Π.
172 2492 336 2578 usellen)
365 2497 525 2558 tradantur
553 2518 612 2558 non
640 2501 745 2558 funere
772 2499 894 2574 publico
918 2499 970 2558 sed
992 2518 1061 2558 aere
1084 2499 1203 2557 conlato

26 2588 157 2646 funerati
177 2607 249 2647 esse.
287 2588 431 2649 Memoria
448 2589 543 2666 igitur
561 2608 662 2647 rerum
680 2589 767 2648 nobis
786 2590 907 2647 servata
925 2591 1036 2665 monet,
1055 2591 1090 2645 nt
1103 2589 1204 2646 creda-

25 2697 92 2736 mus
112 2676 248 2737 Ciceroni
271 2669 413 2757 dicenti4)
438 2671 583 2740 ‘maiores
606 2678 702 2738 nostri
726 2680 843 2736 statuas
869 2677 973 2736 multis
998 2678 1202 2753 decreverunt,

25 2768 166 2841 sepulcra
183 2760 299 2843 paucis’
324 2771 355 2826 et
373 2766 583 2826 concludamus
607 2768 687 2842 quod
711 2767 747 2826 de
771 2758 915 2841 sepulcris
939 2767 1019 2825 idem
1042 2766 1143 2825 valere
1167 2766 1203 2824 de

24 2855 183 2915 funeribus
201 2848 372 2937 publicis.⁵)

114 2945 240 3004 Praeter
268 2945 453 3004 Valerium
481 2943 707 3021 Poplicolam
734 2943 894 3020 patricium
927 2944 1145 3004 nobilissimum
1174 2948 1204 3002 61

23 3035 229 3092 Menenium
243 3033 441 3111 Agrippam
458 3035 606 3094 arbitrum
620 3035 700 3093 inter
713 3035 816 3109 patres
826 3037 856 3093 et
865 3034 994 3111 plebem,
1009 3052 1083 3110 quos
1094 3035 1204 3093 honore

117 3206 144 3273 1)
165 3203 364 3259 Priedlaender
383 3201 409 3258 S.
428 3203 460 3260 G.
475 3203 535 3256 ΠΙ6
552 3223 579 3274 p.
596 3209 645 3258 113
656 3221 716 3327 sqq.
760 3202 908 3272 Quousque
934 3203 1034 3274 religio
1059 3204 1204 3259 occasione

21 3277 140 3330 funesta
158 3277 248 3331 abusa
266 3275 304 3330 111
321 3275 444 3330 maxime
463 3277 597 3330 miramur
615 3292 678 3330 cum
709 3274 816 3344 egimus
835 3274 893 3330 iam
912 3276 941 3329 in
956 3273 1008 3329 XII
1022 3275 1126 3330 tabulis
1141 3292 1204 3330 eau-

19 3354 86 3401 tum
106 3363 175 3416 esse,
194 3364 229 3402 ne
249 3346 330 3402 unius
349 3345 473 3402 hominis
493 3347 547 3402 duo
562 3348 661 3402 fierent
674 3347 781 3402 funera.
809 3347 867 3400 tab.
883 3346 909 3400 X
927 3347 960 3401 sr.
975 3353 991 3400 ὅ
1006 3346 1069 3400 Soh.
1099 3346 1153 3402 Oic.
1170 3348 1204 3400 de

16 3421 97 3488 legg.
113 3419 149 3473 Π.
164 3425 207 3474 24.
223 3424 260 3474 60
280 3417 422 3474 Luebbert
439 3421 588 3474 comment.
608 3418 731 3488 pontific.
751 3438 779 3489 p.
795 3424 837 3473 73.

116 3493 146 3560 2)
165 3508 203 3545 or.
218 3489 342 3560 Philipp.
357 3487 404 3544 IX.
421 3496 445 3547 7.
461 3496 493 3544 16
515 3490 668 3560 ‘quomque
683 3492 768 3544 antea
782 3490 895 3544 senatus
910 3490 1110 3544 auctoritatem
1125 3505 1205 3544 suam

18 3563 52 3615 in
80 3561 207 3616 virorum
234 3560 349 3616 fortium
377 3560 521 3616 funeribus
549 3561 777 3629 ornamentisque
806 3561 972 3626 ostenderit,
1001 3562 1112 3631 placere
1141 3578 1205 3616 eum

19 3633 196 3702 (Sulpicium
215 3633 329 3701 Rufum)
349 3649 433 3702 quam
457 3631 629 3702 amplissime
653 3649 782 3703 supremo
806 3649 856 3686 suo
880 3631 926 3687 die
945 3631 1058 3687 efferri'.
1074 3665 1109 3673 -
1122 3632 1204 3686 Anno

20 3704 135 3826 683p71
156 3705 242 3760 etiam
262 3705 413 3774 Spartacus
433 3705 595 3774 spectacula
613 3705 721 3759 urbana
739 3703 875 3773 imitatur,
895 3705 929 3759 61.
949 3703 1047 3758 Florus
1067 3703 1113 3758 Ill.
1129 3709 1171 3758 20.
1188 3711 1203 3757 9

20 3778 73 3830 ‘de
88 3777 240 3830 unctorum
264 3793 374 3844 quoque
392 3775 499 3845 proelio
523 3775 626 3829 ducum
649 3775 749 3830 funera
767 3775 955 3846 imperatoriis
980 3775 1135 3830 celebravit
1160 3793 1204 3829 ex·

18 3844 135 3914 scquiis
155 3848 335 3918 captivosque
355 3848 430 3902 circa
448 3864 548 3918 rogum
567 3847 650 3901 iussit
668 3847 752 3901 armis
771 3846 953 3917 depugnare’.

115 3921 146 3984 3)
165 3920 199 3972 61.
219 3936 246 3987 p.
261 3924 313 3972 342
331 3919 391 3974 not.
406 3925 430 3972 4.

115 3991 146 4060 4)
166 4006 204 4046 or.
221 3989 343 4061 Philipp.
358 3989 405 4044 IX.
421 3996 446 4044 6.
463 3996 504 4045 14.

116 4063 145 4131 5)
165 4061 244 4131 Nego
268 4061 379 4131 Polybii
400 4059 577 4115 notissimam
603 4060 819 4131 descriptionem
848 4061 952 4116 funeris
981 4064 1010 4116 et
1033 4061 1204 4116 laudationis

14 4132 80 4201 (VI.
99 4134 219 4202 52-51)
240 4149 299 4188 6116
316 4133 422 4188 funeris
440 4131 554 4202 publici.
593 4132 674 4198 Quod
693 4133 826 4202 Polybius
851 4134 921 4188 dicit
944 4135 1006 4201 ‘rqc
1028 4139 1088 4187 rob
1112 4138 1204 4188 πολι-

13 4207 198 4270 τεύματοἐ
216 4206 346 4272 (πουδῆε,
365 4205 400 4271 ἣν
419 4211 537 4258 nordana
556 4207 618 4272 περὶ
636 4205 670 4258 τὸ
684 4207 831 4259 τοιούτου(
850 4206 995 4259 ἀποτελεῖν
1014 4207 1116 4272 ἄνδρα(
1135 4207 1205 4258 dicre

11 4283 77 4329 πᾶν
98 4276 249 4340 ὑπομένειν
268 4277 347 4343 χάριν
366 4281 416 4329 rob
435 4283 528 4342 τυχεῖν
548 4277 578 4329 ἐν
591 4281 626 4344 τῇ
642 4277 753 4344 πατρίδι
771 4282 822 4344 τῆς
840 4277 887 4330 ἐπ’
906 4278 992 4346 ἀρετῇ
1012 4277 1129 4344 φήμηε’,
1148 4293 1204 4329 non

12 4366 81 4401 rem
109 4347 257 4415 publicam
282 4346 424 4400 dominam
448 4346 518 4402 facit
540 4347 644 4400 funeris
668 4348 718 4402 sed
742 4345 833 4402 minus
857 4348 940 4402 anxie
963 4349 1013 4402 aut
1035 4347 1205 4416 generaliter

12 4417 166 4486 loquitur,
190 4421 222 4472 ut
244 4436 294 4474 nos
318 4435 428 4487 quoque
451 4417 495 4472 his
520 4419 549 4472 in
572 4419 655 4472 rebus
684 4420 815 4474 solemus.
857 4418 949 4473 Funus
973 4419 1047 4485 quod
1071 4417 1204 4487 Polybius

11 4489 163 4544 describit
180 4490 323 4559 privatum
342 4506 403 4544 6116
421 4488 486 4544 inde
504 4491 625 4544 maxime
645 4492 823 4560 cognoscitur
842 4492 917 4558 quod
936 4489 1061 4545 laudatio
1084 4490 1205 4544 habetur

10 4564 52 4616 ab
75 4563 188 4632 agnato
208 4560 241 4616 ol.
262 4581 288 4633 p.
303 4568 355 4616 338
375 4561 433 4616 nob.
448 4567 472 4616 3.

932 4652 987 4707 21*
