3156 5362
441 356 481 412 De
499 355 597 411 funere
615 356 728 426 publico
746 356 943 412 Romanorum.
1214 356 1280 420 333

106 531 144 588 ad
169 528 391 588 miserationem
420 529 450 586 et
475 526 620 587 invidiam
648 527 745 586 caedis
774 527 838 586 eius
868 526 1091 586 accommodata
1114 545 1149 586 ex
1172 527 1283 587 Pacuvi

106 619 271 678 Armorum
290 617 400 677 iudicio
420 617 506 694 „Men
526 635 662 676 servasse
680 618 716 676 ut
734 620 834 675 essent
853 617 903 692 qui
921 636 969 675 me
984 615 1182 692 perderent?“
1202 621 1233 675 et
1247 637 1283 676 ex

107 709 230 768 Electra
239 707 316 767 Atili
330 707 507 768 adsimilem
523 707 711 766 sententiam.
739 706 934 766 Laudationis
945 706 1010 766 loco
1022 707 1124 765 consul
1137 706 1283 765 Antonius

106 817 162 872 per
180 815 358 873 praeconem
376 795 584 871 pronuntiavit
602 798 724 855 senatus
744 796 927 870 consultum,
952 815 1010 871 quo
1030 797 1130 855 omnia
1148 796 1238 854 simul
1256 796 1284 853 ei

107 887 213 950 diviua
232 889 322 962 atque
340 879 503 962 humana¹)
524 886 706 958 decreverat,
725 885 797 943 item
816 884 1036 960 iusiurandum,
1056 904 1114 960 quo
1133 903 1165 944 se
1185 885 1283 944 cuncti

108 995 165 1052 pro
184 977 281 1036 salute
300 976 388 1034 unius
413 976 628 1050 astrinxerant3
655 974 765 1050 quibus
788 993 938 1050 perpauca
955 993 974 1032 a
993 993 1024 1033 se
1042 974 1136 1033 verba
1159 974 1283 1034 addidit.

108 1065 235 1125 Lectum
254 1084 308 1140 pro
327 1064 434 1124 rostris
452 1065 483 1122 in
502 1065 600 1122 forum
624 1064 820 1141 magistratus
844 1067 875 1122 et
896 1063 1059 1122 honoribus
1083 1064 1177 1122 functi
1201 1064 1283 1122 detu-

99 1156 218 1215 lerunt.
256 1153 350 1224 Quem
374 1172 443 1213 cum
465 1171 534 1228 pars
559 1153 589 1211 in
614 1151 777 1227 Capitolini
800 1152 880 1212 Iovis
906 1153 983 1211 cella
1005 1170 1137 1212 cremare
1159 1171 1230 1228 pars
1253 1153 1283 1211 in

107 1244 193 1303 curia
207 1243 330 1319 Pompei
344 1243 517 1320 destinaret,
537 1244 660 1318 repente
677 1241 735 1300 duo
750 1241 876 1317 quidam‘
884 1241 993 1318 gladiis
1009 1241 1151 1301 succincti
1165 1260 1200 1302 ac
1213 1242 1283 1300 bina

107 1334 209 1393 iacula
227 1335 382 1412 gestantes
401 1331 575 1392 ardentibus
595 1331 687 1390 cereis
703 1331 919 1390 succenderunt
932 1332 1148 1408 confestimque
1161 1332 1284 1391 circum-

107 1423 258 1482 stantium
276 1422 366 1481 turba
384 1421 518 1498 virgulta
537 1421 621 1480 arida
645 1423 760 1479 etcum
784 1421 934 1481 subselliis
958 1421 1122 1480 tribunalia
1144 1421 1284 1496 quiequid

107 1516 267 1589 praeterea
290 1512 328 1570 ad
347 1511 469 1570 domum
491 1511 597 1569 aderat
622 1511 780 1586 congessit.
822 1508 936 1569 Deinde
962 1510 1098 1570 tibicines
1122 1513 1153 1569 et
1176 1509 1284 1570 scenici

107 1601 241 1662 artifices
260 1603 388 1674 vestem,
416 1619 505 1676 quam
524 1619 560 1658 ex
578 1600 799 1676 triumphorum
817 1600 1017 1659 instrumento
1037 1600 1075 1658 ad
1093 1603 1281 1676 praesentem

106 1711 197 1750 usum
216 1691 385 1768 induerant,
405 1691 569 1749 detractam
589 1689 648 1748 sibi
666 1695 757 1766 atque
776 1689 931 1748 discissam
949 1689 1077 1749 iniecere
1096 1688 1233 1748 flammae
1253 1692 1284 1747 et

105 1785 318 1840 veteranorum
337 1779 469 1838 militum
487 1779 645 1855 legionarii
664 1797 748 1837 arma
767 1797 821 1837 sua
835 1779 948 1854 quibus
968 1778 1078 1837 exculti
1096 1779 1185 1837 funus
1205 1779 1281 1837 cele-

105 1869 251 1946 brabant,
275 1871 431 1929 matronae
449 1868 541 1928 etiam
559 1869 719 1944 pleraeque
739 1869 913 1928 ornamenta
937 1886 1003 1942 sua,
1028 1885 1105 1944 quae
1128 1867 1282 1943 gerebant,

106 1963 138 2018 et
162 1959 325 2018 liberorum
354 1958 454 2017 bullas
477 1965 568 2034 atque
595 1959 776 2033 praetextas.
817 1957 853 2016 In
876 1949 991 2016 summo
1019 1957 1138 2032 publico
1167 1948 1282 2036 luctul)

105 2051 279 2108 exterarum
299 2048 434 2126 gentium
452 2047 615 2106 multitudo
643 2047 809 2106 circulatim
833 2065 886 2106 suo
911 2065 1045 2122 quaeque
1067 2065 1150 2107 more
1173 2048 1282 2105 larnen-

104 2141 174 2196 tata
199 2141 245 2197 est
267 2137 486 2214 praecipueque
510 2136 614 2195 Iudaei
636 2137 689 2213 qui
711 2137 801 2195 etiam
825 2135 961 2196 noctibus
987 2137 1135 2196 continuis
1159 2137 1282 2195 bustum

103 2221 358 2303 frequentarunt'

198 2317 364 2395 Augusto
380 2333 505 2392 pompas
519 2315 633 2374 funeris
648 2314 774 2373 maxime
790 2314 871 2374 cordi
884 2313 978 2374 fuisse
994 2314 1152 2390 scriptores
1167 2314 1281 2374 docent.

104 2406 226 2464 Attiam
249 2409 377 2465 matrem
401 2396 558 2486 (712l42)
582 2407 613 2463 et
637 2404 804 2480 Sphaerum
825 2403 1036 2480 paedagogum
1056 2397 1212 2482 (714s40)
1236 2423 1283 2461 ex-

104 2495 215 2554 tulisse
225 2495 352 2572 publice‚
363 2494 538 2554 Marcellum
549 2485 706 2574 (731l23)
716 2493 821 2552 funere
831 2491 950 2568 publico
962 2495 992 2551 et
1002 2493 1104 2551 multis
1119 2492 1282 2552 honoribus

105 2603 241 2660 ornasse,
260 2584 428 2660 Agrippam
447 2583 572 2658 denique
593 2574 751 2664 (742s12)
770 2579 805 2643 ἐν
824 2583 870 2662 τῷ
888 2577 999 2662 τρόπῳ
1019 2578 1054 2642 ἐν
1077 2576 1168 2661 ᾧκαὶ
1185 2577 1282 2640 αὐτὸ(

105 2669 188 2747 μετὰ
215 2673 316 2732 ταῦτα
344 2669 496 2747 ἐξηνέχθη
526 2673 681 2731 funerasse
704 2673 843 2731 traditur.
883 2671 1004 2732 Mortua
1028 2669 1152 2732 Octavia
1180 2690 1282 2730 sorore

104 2756 266 2842 (743s11)
286 2757 435 2837 bquoor
454 2759 491 2821 τὸ
510 2759 629 2821 πένθος
654 2755 884 2835 ἀλλαξαμένων
907 2756 1098 2835 studetque
1122 2759 1188 2820 τῶν
1209 2761 1281 2835 βου-

104 2851 232 2912 λευτῶν
260 2849 400 2924 ἐγένετο.
450 2851 568 2910 Drusus
599 2842 733 2932 (745l9)
762 2851 877 2927 ingenti
905 2852 936 2909 et
964 2851 1101 2909 luctuosa
1129 2869 1238 2926 pompa
1266 2869 1282 2908 e

104 2941 270 3000 Germania
288 2942 452 3000 translatus
473 2941 581 3001 aviris
601 2939 745 3000 senatorii
764 2943 795 2998 et
815 2939 962 3016 equestris
982 2939 1094 2998 ordinis
1114 2940 1151 2998 ad
1176 2959 1282 3015 rogum

102 3033 246 3107 portatus
262 3034 291 3090 et
306 3031 468 3090 honoribus
483 3030 653 3090 cumulatus
669 3021 756 3110 est2),
772 3048 848 3106 quae
863 3029 963 3087 omnia
976 3030 1106 3104 perbene
1120 3032 1282 3088 narrantur

102 3123 136 3178 in
156 3120 360 3181 consolatione
379 3119 418 3178 ad
431 3119 557 3180 Liviam.
591 3119 703 3178 Versus
718 3117 866 3195 carminis,
885 3120 963 3193 quod
978 3137 1033 3195 ego
1049 3138 1167 3195 quoque
1181 3118 1282 3194 potius

102 3210 241 3269 eiusdem
261 3228 325 3269 esse
344 3211 410 3270 aevi
429 3209 512 3268 cuius
532 3211 678 3284 suntme,
697 3227 787 3283 quam
805 3208 980 3284 posterioris
995 3208 1091 3283 credo,
1113 3209 1229 3283 adpono
1245 3207 1284 3265 ad

101 3319 153 3358 res
174 3299 372 3359 illustrandas
389 3299 561 3375 potissimos
583 3301 645 3358 167
657 3316 721 3374 sqq.

270 3453 359 3529 ‘Quin
378 3459 467 3518 etiam
488 3478 595 3535 corpus
614 3458 705 3517 matri
723 3458 773 3518 vix
791 3458 899 3534 vixque
918 3459 1075 3517 remissum

314 3548 461 3626 exsequiis
480 3549 585 3626 caruit,
604 3547 700 3626 Livia,
718 3566 813 3623 paene
832 3547 902 3608 suis.

271 3637 386 3715 Quippe
405 3638 511 3696 ducem
529 3638 642 3697 arsuris
662 3637 807 3696 exercitus
827 3638 922 3697 omnis
941 3637 972 3694 in
991 3637 1082 3696 armis

105 3740 161 3788 170
315 3729 394 3787 inter
413 3747 489 3803 quae
507 3728 598 3803 periit
615 3746 725 3803 ponere
744 3730 843 3786 certus
862 3717 974 3805 eret23)

271 3817 407 3877 Abstulit
425 3817 528 3877 invitis
549 3836 655 3892 corpus
674 3816 845 3876 venerabile
863 3816 958 3878 frater

315 3910 346 3966 et
363 3906 495 3966 Drusum
514 3905 631 3982 patriae
650 3905 728 3982 quod
747 3905 891 3981 licuitque
910 3904 1000 3963 dedit.

270 3995 387 4056 Funera
406 3997 555 4056 ducuntur
573 3996 707 4055 Romana
725 4014 779 4070 per
797 3994 907 4071 oppida
925 3993 1016 4052 Drusi
1034 4024 1071 4036 -

314 4086 375 4145 heu
392 4085 563 4145 facinus-
579 4105 634 4160 per
653 4103 729 4160 quae
747 4085 844 4144 victor
860 4084 959 4142 iturus
979 4085 1051 4142 erat.

201 4274 228 4342 1)
248 4274 324 4329 Haec
344 4273 460 4328 Suetoni
478 4273 564 4329 verba
582 4289 672 4343 paene
696 4273 818 4326 clamare
837 4270 962 4326 Caesaris
986 4270 1068 4325 funus
1088 4269 1173 4324 fuisse
1191 4267 1283 4338 publi·

100 4365 172 4403 cum
191 4344 331 4400 neminem
350 4348 419 4415 puto
437 4348 614 4416 negaturum,
634 4345 669 4399 cf.
688 4363 715 4415 p.
731 4348 782 4398 325
802 4344 859 4400 not.
876 4347 900 4398 5.

199 4420 227 4488 2)
246 4417 312 4473 Tac.
331 4433 394 4474 ann.
414 4415 492 4472 HLs
536 4417 612 4472 Suet.
632 4416 729 4471 Claud.
747 4423 769 4470 1.
811 4415 1016 4484 Liv.per.142
1059 4413 1121 4468 Seu.
1142 4413 1179 4466 ad
1196 4412 1283 4466 Maro.

100 4490 152 4546 llI.
173 4495 186 4543 1
226 4488 301 4544 Cass.
320 4488 353 4542 D.
369 4495 411 4544 55.
426 4495 450 4543 2.
467 4495 490 4544 3.

199 4563 227 4630 3)
247 4561 281 4615 of.
300 4579 327 4631 p.
343 4563 396 4616 324
413 4562 471 4616 not.
488 4567 512 4617 5.
