3156 5362
381 344 421 402 De
441 343 537 402 funere
555 345 668 418 publico
688 343 883 404 Romanorum.
1153 345 1217 412 337

44 513 110 592 πῦρ
131 513 164 577 tc
183 511 283 592 αὐτὴν
302 513 467 592 ἐνέβαλον.
499 515 677 591 γενομένου
697 515 733 585 δὲ
752 515 869 578 τούτου
888 512 982 577 ἀετό(
1001 535 1047 577 τι(
1065 515 1098 580 ἐξ
1122 514 1219 593 αὐτῆς

43 601 231 667 ἀνέπτατο.’
281 608 384 666 Funus
412 611 443 667 et
470 609 722 667 consecrationem
752 609 942 684 imperatoris
971 607 1073 668 Severi
1101 610 1220 684 copiose

42 699 151 756 narrat
170 696 360 756 Herodianus
368 689 402 778 ¹),
428 716 517 772 quem
539 701 640 756 temen
662 701 731 773 post
754 697 880 756 Dionem
904 717 951 754 me
976 698 1142 758 exscribere
1161 717 1219 756 non

41 788 166 846 videtur
178 793 258 862 'opus
278 805 351 846 esse.
370 801 376 812 ’

135 876 182 934 Ex
194 876 241 935 his
255 877 350 952 igitur
363 876 553 952 potissimum
559 869 586 956 2)
602 875 852 951 descriptionibus
867 877 1031 936 coniunctis
1048 896 1115 935 cum
1130 876 1220 935 rebus

45 967 86 1024 ab
106 965 174 1024 aliis
193 966 389 1041 scriptoribus
411 966 461 1026 vel
483 966 514 1024 in
537 965 635 1025 titulis
659 966 897 1025 commemoratis
920 966 1017 1024 lineas
1041 966 1220 1041 principales

43 1056 186 1133 imaginis
205 1054 318 1114 funeris
337 1055 451 1131 publici
470 1055 548 1132 quod
567 1055 613 1114 his
638 1055 764 1115 saeculis
788 1055 857 1114 duci
880 1056 997 1114 solebat
1019 1056 1220 1130 designandae

43 1148 144 1203 erunt.
181 1143 378 1204 Suntautem
396 1146 465 1204 hae:
645 1141 646 1145 ’

92 1287 247 1363 Expositio
266 1287 397 1364 corporis
416 1287 527 1346 mortui
546 1278 607 1366 (vel
625 1279 780 1368 imaginis)
799 1289 830 1347 iu
848 1288 922 1366 foro,

92 1376 199 1437 Contio
219 1377 312 1435 totius
331 1377 435 1452 populi
457 1377 665 1452 praesentibus
690 1378 843 1436 ordinibus
863 1378 1010 1436 senatorio
1034 1381 1064 1436 et
1079 1378 1221 1454 equestri,

136 1467 270 1526 virorum
289 1469 320 1524 et
338 1467 505 1544 mulierum,

91 1557 205 1632 Pompa
222 1555 366 1634 militum,

91 1645 261 1722 Imaginum
280 1645 432 1704 comitatio
451 1644 645 1723 amplificata,

91 1735 237 1794 Laudatio
256 1752 275 1792 a
292 1735 471 1810 magistratu
490 1735 607 1811 habita,

90 1824 225 1884 Portatio
245 1824 356 1882 mortui
374 1843 428 1899 per
446 1825 607 1883 honoratos
628 1823 720 1898 viros,

90 1915 209 1988 Agmen
227 1913 460 1988 magistratuum
478 1915 509 1972 et
526 1913 714 1989 pontificum,
807 1925 810 1927 ’

91 2003 171 2061 Ludi
188 2003 335 2062 militares
354 2004 433 2062 oirca
451 2022 571 2079 rogum,

88 2092 225 2152 Incensio
243 2093 310 2168 rogi
328 2112 381 2168 per
399 2093 604 2168 magistratus.

136 2236 301 2312 Plerosque
319 2236 373 2294 has
392 2238 563 2311 res‘aperte
582 2234 715 2294 cernitur
734 2233 772 2292 ad
790 2253 888 2294 mores
907 2201 1020 2295 funeris
1035 2237 1147 2312 privati
1162 2237 1221 2295 for·

41 2330 144 2385 metas
164 2345 237 2384 esse.
274 2325 409 2384 Primum
428 2344 495 2383 cum
515 2324 652 2384 dominus
671 2324 786 2383 funeris
805 2343 864 2382 non
879 2325 919 2383 sit
932 2326 1149 2401 paterfamilias
1170 2326 1222 2385 sed

41 2435 93 2474 res
108 2415 232 2490 publica
246 2415 294 2474 vel
309 2414 507 2490 magistratus
523 2414 561 2472 ab
577 2433 611 2472 sa
625 2415 661 2471 ut
674 2413 718 2472 ita
732 2414 829 2473 dicam
843 2416 972 2490 legatus,
987 2435 1094 2491 corpus
1109 2416 1222 2474 mortui

41 2525 105 2564 non
125 2505 289 2564 collocatur
306 2504 338 2562 in
355 2503 431 2563 atrio
452 2503 653 2584 sacratissima
672 2503 790 2562 aedium
809 2507 894 2579 parte
914 2505 965 2564 sed
985 2506 1016 2562 in
1035 2506 1098 2564 foro
1117 2506 1136 2566 i.
1153 2525 1177 2564 e.
1191 2507 1221 2562 in

42 2595 124 2653 atrio
140 2594 184 2654 rei
198 2594 343 2670 publicae.
350 2585 377 2672 3)
409 2592 523 2652 Deinde
537 2596 572 2652 ut
585 2593 745 2668 propinqui
759 2593 790 2651 iu
806 2594 893 2652 domo
910 2595 1031 2653 funesta
1045 2595 1089 2652 ita
1103 2595 1221 2653 ordines

42 2689 75 2743 et
99 2684 229 2760 populus
258 2683 289 2741 in
316 2683 381 2742 foro
410 2684 517 2742 coeunt
543 2682 677 2742 vestibus
705 2686 736 2740 et
764 2683 870 2757 positis
899 2685 1081 2743 ornamentis
1109 2685 1222 2742 luctum

40 2765 237 2852 testantes.⁴)
275 2773 437 2830 Maximum
461 2775 562 2831 autem
587 2773 774 2847 splendorem
797 2772 954 2831 adferebat
976 2772 1075 2831 funeri
1094 2769 1221 2848 impera-

207 2903 260 2910 -η

137 2980 164 3048 1)
182 2980 218 3033 ab
238 2997 295 3034 exe.
316 2978 371 3032 div.
390 2977 479 3033 Marci
498 2978 545 3032 IV.
560 2983 585 3033 2.

139 3058 167 3120 2)
187 3051 309 3120 Appiani
324 3049 476 3119 descriptio
490 3049 596 3104 funeris
609 3049 703 3103 Sullae
717 3048 755 3120 (b.
767 3067 789 3105 c.
799 3049 820 3104 I.
832 3052 983 3120 106-106)
992 3069 1058 3103 num
1070 3052 1106 3104 ad
1120 3053 1223 3104 testem

41 3123 147 3176 redeat
166 3120 214 3190 qui
233 3124 288 3176 suis
307 3121 411 3177 viderit
430 3121 527 3190 oculis,
554 3120 578 3175 si
597 3122 637 3176 nil
658 3121 735 3174 aliud
762 3121 878 3175 dubium
902 3125 953 3176 est.
992 3120 1072 3176 Certe
1092 3121 1119 3175 C.
1135 3123 1223 3177 Marci

44 3193 193 3249 Coriolani
215 3195 298 3248 funus
324 3193 477 3247 secuudum
500 3193 544 3246 sui
566 3194 631 3247 aevi
652 3209 744 3246 mores
769 3193 904 3248 describit
927 3193 1077 3262 Dionysius
1096 3193 1222 3248 Halicar-
1265 3225 1268 3229 ·

41 3265 187 3320 nereensis
206 3265 249 3331 (A.
264 3265 297 3320 R.
312 3264 385 3320 VIIl.
401 3269 434 3318 69
454 3265 509 3319 vol.
526 3265 565 3317 Ill
583 3282 610 3334 p.
628 3269 694 3318 1647
711 3265 763 3334 n).
800 3264 1009 3320 circumscribit
1027 3266 1222 3334 potiusquam

41 3337 182 3391 describit
209 3336 357 3391 Iustiniani
386 3337 453 3406 imp.
483 3337 566 3390 funus
595 3335 731 3405 Corippus
760 3335 800 3404 (in
828 3337 902 3392 laud.
931 3336 1028 3392 lustin.
1053 3337 1074 3390 Ι.
1099 3343 1151 3390 226
1161 3355 1222 3405 sqq.

140 3481 167 3549 3)
185 3410 245 3535 lico
264 3479 371 3549 primus
388 3478 490 3534 fecisse
504 3479 616 3534 videtur
629 3477 769 3532 Antonius
788 3477 817 3532 in
837 3479 932 3533 funere
948 3477 1084 3546 Caesaris,
1102 3496 1223 3549 namque

42 3570 79 3607 ex
97 3551 222 3620 Appiani
239 3551 402 3606 testimonio
422 3551 457 3605 de
472 3551 550 3605 Sulla
565 3549 597 3618 (I.
614 3557 664 3604 106
684 3551 710 3620 p.
726 3555 808 3620 67221
820 3549 868 3619 M.)
886 3551 928 3603 nil
942 3549 1063 3604 efficitur
1076 3551 1131 3605 nisi
1145 3568 1223 3621 pom-

43 3641 116 3692 pam
134 3624 279 3678 funebrem
299 3624 331 3677 ut
349 3624 378 3676 in
397 3622 542 3677 funeribus
559 3621 678 3692 privetis
693 3623 758 3676 ante
772 3624 863 3676 rostra
877 3621 1035 3676 constitisse
1050 3625 1083 3676 ut
1097 3622 1223 3677 laudatio

43 3697 206 3748 haberetur.
250 3694 357 3748 Deinde
380 3694 525 3763 Augustus
551 3692 637 3762 (Cass.
661 3692 715 3747 Dio
740 3698 783 3746 54.
802 3699 844 3748 28.
865 3695 892 3762 3)
917 3695 946 3746 et
968 3696 1115 3762 sequentes
1136 3695 1223 3762 (Cass.

44 3767 102 3820 Dio
116 3772 158 3819 59.
170 3766 205 3834 3).
224 3764 319 3820 Etiam
333 3767 362 3819 in
376 3765 521 3820 hominum
537 3764 694 3820 alienorum
705 3782 722 3817 a
732 3765 814 3819 domo
825 3765 953 3833 Augusta
966 3766 1109 3818 funeribus
1124 3765 1153 3818 id
1167 3765 1224 3819 fac·

40 3842 108 3892 tum
121 3853 182 3891 esse
196 3839 337 3891 testantur
352 3837 422 3890 Plin.
434 3853 477 3905 ep.
488 3836 522 3890 ll.
535 3842 557 3890 1.
570 3843 584 3890 6
599 3835 733 3905 titulique
747 3837 959 3891 Beneventanus
974 3836 1003 3890 C.
1015 3837 1035 3889 l.
1048 3837 1079 3890 L.
1093 3837 1140 3889 IX.
1154 3841 1222 3890 1⁷83

43 3911 78 3964 et
98 3907 257 3976 Campanus
276 3909 308 3962 X.
325 3915 402 3963 3903.
440 3907 654 3962 Emendandum
675 3924 734 3962 esse
752 3910 821 3976 puto
840 3908 934 3961 locum
949 3906 1041 3960 Taciti
1056 3923 1120 3963 ann.
1135 3907 1182 3961 ΙΙΙ.
1198 3914 1222 3961 5.

42 3981 118 4034 Post
140 3981 259 4034 mortem
279 3979 437 4034 Germanici
460 3982 609 4033 narrantur
632 3978 718 4033 fuisse
744 3978 806 4048 ‘qui
829 3978 935 4048 publici
959 3978 1065 4032 funeris
1088 3995 1222 4048 pompam

42 4052 234 4120 requirerent’
261 4053 289 4106 et
311 4050 522 4120 indignantium
550 4050 744 4106 describuntur
770 4051 964 4120 cogitationes.
1006 4049 1067 4103 Hae
1090 4051 1224 4104 finiuntur

43 4122 192 4178 sententia
214 4125 280 4177 hac:
311 4123 371 4177 ‘ubi
394 4124 445 4178 illa
468 4127 593 4177 veterum
616 4121 759 4187 instituta,
787 4121 962 4190 propositam
991 4123 1067 4176 toro
1092 4123 1223 4190 effigiem,

42 4195 188 4250 meditata
206 4196 242 4248 ad
260 4193 425 4248 memoriam
443 4195 556 4249 virtutis
575 4193 700 4248 carmina
724 4195 754 4247 et
777 4194 955 4247 laudationes
979 4195 1008 4247 et
1030 4192 1161 4247 lacrimas
1179 4193 1224 4247 vel
1247 4213 1249 4220 ¹

42 4267 155 4321 doloris
173 4265 374 4320 imitamente’.
407 4267 479 4321 Mihi
497 4283 553 4320 non
577 4264 694 4320 dubium
717 4264 829 4320 videtur
853 4263 920 4332 quin
945 4264 1059 4319 Tacitus
1084 4263 1226 4333 scripserit

44 4338 173 4406 ‘foro'3
193 4355 258 4392 nam
278 4338 363 4393 ‘toro’
384 4337 482 4405 utique
506 4337 676 4394 collocatum
700 4339 744 4391 est
767 4353 868 4406 corpus
888 4335 1060 4403 Germanici3
1085 4337 1139 4389 hoc
1164 4338 1225 4389 crat

43 4409 140 4465 omnis
159 4410 277 4478 funeris,
306 4409 410 4463 funeris
429 4408 536 4477 publici
559 4409 635 4478 quod
660 4407 873 4462 desiderabatur
897 4410 958 4462 erat
981 4407 1099 4476 proponi
1125 4422 1225 4475 corpus

41 4500 77 4536 m
95 4481 168 4622 impp
188 4553 222 4606 el.
238 4551 304 4608 Tac.
319 4569 382 4608 ann.
397 4551 443 4607 Ill.
459 4558 483 4606 4.
511 4551 587 4622 App.
603 4551 625 4640 l:
641 4558 691 4606 106
725 4552 754 4605 C.
769 4551 821 4605 Dio
838 4552 856 4607 l.
871 4571 892 4605 s.
907 4553 926 4606 l.
947 4543 1095 4605 Herodian
1106 4549 1151 4604 IV.
1164 4557 1188 4602 2.
1200 4557 1224 4605 3.

101 4653 179 4694 Jahrb.
195 4653 210 4694 1,
226 4653 294 4692 elasa
309 4653 392 4694 Philol.
422 4652 500 4700 Suppl.
516 4652 557 4691 Bd.
573 4651 636 4691 XIX.
978 4645 1011 4694 22
