3156 5362
367 358 408 416 De
426 360 522 416 funere
540 361 652 430 publico
673 363 870 419 Romanorum.
1145 364 1209 428 339

126 527 167 587 Hi
186 530 325 590 videntur
343 531 436 590 fuisse
456 532 628 607 splendores
647 533 834 609 honoresque
854 526 1057 616 communes¹)
1075 535 1210 611 ipsarum

36 620 246 695 exsequiarum
266 638 339 696 quas
363 640 412 680 res
433 621 554 695 publica
573 621 739 680 exhibebat.
776 622 926 680 Nimirum
952 623 983 680 in
1006 624 1132 700 singulis
1152 626 1209 683 sin-

32 708 107 783 gula
129 709 316 769 addebantur
334 711 369 768 ut
391 710 422 768 iu
441 711 574 786 Augusti
592 703 739 789 funeral),
761 713 787 769 si
806 712 873 788 quis
893 712 1063 787 postularat
1082 714 1209 789 aliisque

33 801 235 872 persuaserat.
271 799 491 875 Imperatorum
509 801 603 878 igitur
621 801 727 859 funera
747 801 883 876 exempla
902 803 985 877 sunt,
1003 802 1123 876 publica
1137 803 1208 861 alio-

33 906 103 945 rum
121 888 275 964 aliquanto
294 889 477 948 modestiora
495 891 548 948 sed
566 889 598 947 in
616 890 752 949 maximis
771 891 861 949 rebus
877 891 1014 966 aequalia
1033 891 1126 951 fuisse
1141 911 1207 952 cou-

31 977 197 1038 cludemus.
828 1000 830 1005 ¹

123 1065 312 1126 Praecedunt
330 1070 362 1126 et
381 1071 523 1126 secuntur
540 1069 620 1143 ipsas
641 1070 796 1144 exsequias
815 1088 863 1128 res
883 1069 960 1128 aliae
983 1070 1092 1146 quibus
1110 1071 1209 1130 luctus

30 1159 60 1212 et
85 1155 240 1232 gratitudo
263 1156 384 1232 publica
408 1157 628 1217 ostendebatur.
672 1156 916 1218 consecrationes
939 1159 1155 1234 imperatorum
1178 1164 1209 1218 et

29 1246 170 1320 sepulcra
187 1246 306 1321 publice
325 1247 397 1306 data
415 1247 464 1305 hic
483 1247 662 1320 omittimus,
685 1251 843 1324 tangemus
868 1248 1085 1307 sollemnitates
1109 1249 1208 1308 decer-

29 1335 121 1392 nendi
140 1337 171 1394 et
188 1335 348 1398 iustitium.
378 1331 505 1395 Senatus
526 1355 592 1395 cum
612 1337 819 1396 consuleretur
837 1338 873 1395 de
892 1337 997 1396 funere
1010 1339 1129 1412 publico
1145 1358 1208 1397 oro·

28 1423 131 1498 gando
150 1424 265 1484 luctum
283 1443 356 1501 prae
376 1443 406 1484 se
425 1424 543 1484 ferebat
560 1426 695 1486 vestibus
715 1430 746 1484 et
765 1425 885 1484 sedibus
904 1419 1071 1507 mutatis.³)
1105 1429 1206 1504 Atque

30 1516 65 1570 ut
86 1512 118 1570 in
136 1514 241 1572 funere
259 1514 378 1590 privato
392 1515 486 1574 feriae
502 1519 660 1575 servantur
675 1515 832 1590 denicales,
851 1516 895 1574 ita
909 1535 957 1574 res
971 1517 1091 1592 publica
1105 1519 1208 1576 decer-

30 1602 78 1660 nit
98 1596 289 1684 iustitiumf)
318 1603 432 1664 Luctus
451 1624 469 1664 a
487 1605 607 1665 feminis
626 1625 663 1665 ex
681 1605 799 1664 decreto
819 1605 1035 1664 observabatur
1049 1598 1205 1688 annuos.⁵)

123 1776 149 1843 1)
169 1775 250 1829 Dona
268 1774 354 1829 etiam
372 1774 474 1830 feralia
496 1792 514 1829 a
531 1791 561 1829 re
584 1776 700 1845 publica
727 1792 786 1830 esse
810 1775 896 1830 missa
920 1778 1138 1831 consentaneum
1157 1779 1206 1832 est

27 1845 86 1900 Tus
105 1846 220 1970 publiqse
237 1847 336 1900 datum
355 1848 475 1902 occurrit
492 1848 522 1901 in
541 1846 640 1902 titulis.
669 1846 704 1903 cl.
723 1866 750 1918 p.
769 1853 829 1901 343.
911 1901 914 1906 .

123 1923 138 1971 2
169 1935 204 1973 c.
245 1922 332 1972 .335.

123 1919 152 2060 ei
171 1935 244 2044 (lesi).
274 1987 327 2044 Dio
356 1994 398 2044 56.
427 1996 470 2046 31.
498 1996 514 2044 2
542 1997 577 2059 τῇ
604 2007 637 2044 τε
664 1990 792 2059 δετεραίᾳ
820 1993 980 2058 (postquam
1004 1989 1148 2060 Augustus
1178 1992 1208 2044 in

31 2060 133 2114 urbem
152 2059 248 2116 illatus
268 2063 320 2129 est)
340 2065 425 2129 βουλὴ
446 2064 557 2127 ἐγένετο
582 2064 626 2115 καὶ
645 2062 683 2116 εἰ(
701 2065 789 2129 αὐτὴν
810 2063 904 2126 οἱμὲν
928 2063 1005 2115 ἄλλοι
1026 2066 1079 2130 τὴν
1102 2062 1207 2116 ἱππάδα

28 2135 133 2200 ετολήν
161 2134 339 2187 ἐνδεδυκότες
366 2136 502 2200 (υνῆλθον
521 2134 546 2187 ol
566 2135 591 2187 δ’
609 2135 743 2201 ἄρχοντε(
765 2136 818 2200 τήν
847 2137 1026 2200 βουλευτικὴν
1053 2137 1125 2200 πλὴν
1148 2139 1206 2187 τῶν

27 2203 148 2269 ἱματίων
166 2209 225 2259 τῶν
243 2207 474 2273 περιπορφὺρων·
499 2207 514 2258 δ
534 2207 564 2259 δὲ
583 2208 617 2272 δὴ
636 2206 759 2272 Τιβέριος
777 2208 822 2258 καὶ
841 2205 856 2256 ὁ
875 2206 1001 2271 Δροῠιοι
1015 2206 1030 2257 ὁ
1045 2205 1104 2258 uid<
1118 2207 1205 2259 αὐτοῦ

31 2277 122 2342 φαιὰν
141 2276 192 2329 τὸν
211 2276 344 2344 ἀγοραῖον
363 2278 468 2343 τρόπον
486 2278 674 2344 πεποιημένην
689 2279 773 2343 εἶχον.
793 2279 837 2328 καί
855 2278 970 2342 τοῦμὲν
989 2280 1143 2342 λιβανωτοῦ
1164 2279 1207 2329 καὶ

28 2348 112 2400 αὐτοὶ
131 2349 230 2401 ἔθυιαν
247 2355 290 2417 τῷ
305 2350 330 2401 δ’
344 2349 451 2417 αὐλητῇ
471 2349 522 2401 οὐκ
540 2349 699 2416 ἑχρὴεαντο.
719 2349 884 2402 ἐκαθέζοντο
904 2348 934 2400 δὲ
949 2347 975 2400 ol
990 2349 1039 2413 μὲν
1057 2350 1154 2401 πολλοὶ
1168 2349 1207 2400 ὥ(

26 2435 84 2472 που
96 2421 209 2473 ἕκαετοι
218 2419 317 2486 εἰώθει,
333 2419 359 2472 ol
373 2421 399 2472 δ’
407 2421 508 2473 ὕπατοι
523 2422 599 2473 κάτω
609 2421 639 2472 ἐν
649 2426 707 2473 rol<
717 2420 828 2487 βάθροις
837 2420 853 2471 ὁ
863 2420 913 2484 μὲν
922 2425 964 2488 τῷ
973 2424 1033 2472 τῶν
1043 2424 1206 2486 (τρατηγῶν

28 2492 45 2541 ὁ
66 2492 97 2544 δὲ
121 2497 163 2560 τῷ
189 2496 247 2544 τῶν
270 2492 429 2558 δημάρχων.
471 2490 588 2559 Signum
610 2490 769 2544 maestitiae
792 2490 865 2544 hanc
889 2489 1074 2544 mutationem
1098 2488 1206 2544 sedium

27 2559 118 2615 fuisse
138 2561 270 2616 discimus
289 2579 306 2616 a
326 2560 425 2616 Tacito
444 2579 469 2616 a.
484 2561 531 2616 IV.
551 2567 567 2615 8
588 2562 782 2631 ‘consulesque
801 2561 867 2615 sede
886 2561 995 2629 volgari
1013 2577 1063 2630 per
1082 2561 1206 2630 speciem

25 2631 192 2688 maestitiae
211 2633 339 2688 sedentes
358 2633 473 2688 honoris
491 2633 603 2702 locique
622 2633 768 2688 admonuit
785 2631 894 2704 (Tib.)’.

122 2707 149 2774 4)
169 2704 204 2760 cf.
222 2705 275 2762 Ad.
294 2702 396 2758 Nissen
415 2704 449 2759 de
468 2705 576 2760 iustitio
596 2724 623 2774 p.
638 2711 717 2770 4-6,
740 2708 879 2758 148-150
898 2702 1053 2757 Mommsen
1074 2703 1113 2756 St.
1132 2703 1207 2757 R.1³

27 2794 56 2844 p.
72 2781 127 2829 263
142 2793 183 2846 sq.
202 2775 320 2831 Brevius
336 2774 476 2830 iustitium
491 2793 524 2830 ex
537 2776 616 2831 luctu
630 2775 744 2845 publico
758 2774 897 2828 indictum
911 2776 1017 2828 tractat
1030 2776 1063 2828 Ε.
1078 2775 1204 2841 Middell‚

27 2848 64 2901 de
84 2847 196 2902 iustitio
215 2847 493 2917 diss.Erlang.188‘l
512 2866 540 2916 p.
556 2852 598 2903 61.
631 2848 698 2901 Ideo
716 2863 772 2901 non
792 2845 959 2915 supersedeo
973 2863 1032 2899 rem
1046 2848 1206 2900 accuratius

27 2917 182 2973 discutere.
219 2918 363 2973 Iustitiam
380 2921 445 2988 post
462 2920 582 2973 mortem
601 2937 672 2987 quae
691 2920 798 2973 luctum
820 2916 963 2986 publicum
990 2919 1098 2972 crearet
1116 2916 1204 2971 indic·

24 2993 89 3043 tum
104 3006 167 3043 esse
181 2990 283 3046 docent
297 2989 380 3046 Gran.
399 2989 485 3044 Licin.
505 3007 532 3059 p.
547 2997 582 3044 44
596 2990 706 3059 (Sulla),
726 2990 793 3044 Tac.
813 3006 837 3042 a.
852 2989 872 3043 l.
889 2993 931 3055 16,
946 2990 966 3042 1.
983 2994 1016 3042 50
1031 2988 1203 3057 (Augustus),

27 3062 109 3116 Suet.
125 3060 186 3114 Tib.
207 3068 241 3116 82
261 3062 295 3116 cf.
314 3060 378 3116 'Pac
399 3077 422 3115 a.
443 3060 476 3116 II.
496 3067 530 3116 82
550 3062 688 3131 (Drusus),
706 3061 772 3116 Tac.
793 3078 855 3114 ann.
871 3059 948 3113 llll
970 3060 1004 3114 cf.
1021 3059 1096 3114 Suet.
1112 3060 1203 3114 Galo

25 3133 247 3202 (Germanicus),
266 3133 341 3187 Suet.
362 3131 421 3186 Gal.
440 3138 475 3185 24
494 3132 645 3202 (Drusilla),
669 3134 720 3186 lul.
741 3131 861 3201 Capitol.
885 3133 988 3187 Anton.
1007 3131 1077 3199 phil.
1103 3137 1117 3184 ‘l
1138 3132 1204 3199 (An-

26 3203 122 3258 tonin.
141 3204 233 3274 Pius);
252 3202 422 3274 generaliter
440 3219 499 3258 rem
517 3206 657 3259 testantur
675 3203 733 3259 luv.
753 3203 801 3258 Ill.
821 3208 872 3256 212
899 3203 935 3256 ‘si
958 3220 1062 3272 magna
1080 3202 1205 3256 Asturici

25 3274 138 3329 cecidit
151 3276 258 3344 domus,
273 3275 386 3330 horrida
400 3278 498 3345 mater,
512 3275 615 3345 pullati
633 3290 771 3345 proceres,
787 3273 881 3328 differt
894 3271 1057 3328 vadimonia
1070 3273 1205 3343 praetor’,

25 3346 135 3403 Lucan.
154 3345 188 3400 II.
209 3352 242 3402 1o
262 3366 322 3417 sqq.
361 3346 448 3417 ‘Ergo
467 3345 516 3402 ubi
534 3346 704 3416 concipiunt,
724 3345 835 3415 quantis
856 3345 894 3398 sit
912 3344 1039 3399 cladibus
1059 3345 1120 3412 orbi
1139 3362 1205 3398 con-

25 3421 143 3473 statura
160 3418 228 3473 fides
247 3436 386 3488 superum,
404 3417 492 3473 ferale
510 3435 560 3488 per
578 3419 676 3473 urbem
699 3417 851 3472 iustitium:
875 3415 961 3469 latuit
981 3413 1089 3484 plebeio
1113 3419 1204 3470 tectus

26 3489 141 3544 amictu
160 3490 250 3544 omnis
268 3489 365 3557 honor,
389 3489 481 3545 nullos
500 3490 636 3544 comitata
655 3492 699 3543 est
720 3505 844 3558 purpura
861 3487 974 3555 fasees’,
994 3504 1069 3542 cons.
1089 3487 1125 3540 ad
1144 3487 1204 3541 Liv.

28 3567 82 3616 181
96 3579 160 3630 sqq.
178 3561 255 3632 (uide
273 3580 301 3630 p.
316 3563 397 3630 334.),
417 3562 482 3616 Tac.
497 3578 561 3616 ann.
576 3561 608 3615 II.
625 3566 658 3615 82
680 3562 741 3616 ‘hos
760 3558 839 3628 vulgi
857 3575 996 3613 sermones
1015 3559 1112 3612 audita
1131 3575 1205 3611 mors

24 3631 214 3702 (Germanici)
234 3632 305 3688 adeo
323 3633 457 3702 incendit,
475 3635 508 3687 ut
525 3636 590 3687 ante
609 3633 732 3687 edictum
750 3630 975 3700 magistratuum,
995 3632 1059 3684 ante
1079 3633 1204 3684 senatus-

26 3703 192 3758 consultum
212 3707 323 3774 sumpto
342 3703 451 3758 iustitio
470 3705 664 3759 desererentur
682 3704 751 3771 fora,
770 3702 966 3756 clauderentur
985 3702 1104 3756 domus)
1135 3703 1205 3755 (lum

26 3793 64 3830 ex
84 3777 141 3830 hoc
160 3774 252 3830 Taciti
270 3777 332 3830 loco
352 3775 491 3830 discamus
510 3774 650 3829 iustitium
668 3775 697 3828 in
715 3775 812 3828 funere
830 3772 943 3842 publico
963 3776 1093 3828 asenatu
1112 3772 1205 3826 decre-

23 3850 102 3916 tum,
123 3864 140 3901 a
154 3846 367 3918 magistratibus
381 3848 399 3902 i.
415 3863 439 3902 e.
455 3864 472 3900 a
486 3847 647 3902 consulibus
666 3847 802 3901 indictum
817 3862 884 3912 esse,
904 3847 1078 3898 accuratiora
1092 3844 1205 3897 aliunde

25 3919 229 3988 comperimus.
257 3920 289 3972 In
308 3919 426 3973 frustulo
445 3919 580 3974 fastorum
594 3917 909 3987 Ripaetransonensium
928 3916 967 3984 (C.
987 3915 1006 3967 l.
1026 3914 1056 3968 L.
1076 3916 1087 3968 Ι
1106 3932 1134 3983 p.
1153 3921 1205 3969 472

25 4017 64 4036 =
86 3989 133 4046 IX.
153 3995 231 4044 5290.
250 4009 278 4060 p.
298 3994 360 4059 472)
380 3991 509 4061 suppleto
530 3990 733 4044 aMommseuo
748 3989 814 4058 (Res
828 4007 855 4058 g.
870 3989 897 4042 d.
911 3986 1001 4056 Aug.²
1019 4004 1046 4054 p.
1068 3992 1117 4039 115
1136 3989 1206 4056 not.)

25 4061 154 4132 legimus
175 4062 212 4116 ad
231 4079 334 4116 annum
354 4067 404 4116 757
426 4061 527 4131 ‘[VlIll
553 4060 586 4116 K.
605 4061 687 4115 Mart.
709 4060 738 4115 (l.
758 4058 871 4130 Caesar]
890 4060 962 4128 Aug.
981 4058 1000 4112 f.
1024 4056 1159 4128 dec[essit
1176 4060 1206 4111 in

25 4133 122 4202 Lycia
139 4149 243 4188 annum
261 4149 347 4202 agens
365 4132 478 4204 XXI]II.
506 4132 612 4187 Romae
631 4131 785 4203 iustit[ium
802 4130 940 4185 indictum
959 4128 1014 4200 est]
1035 4129 1123 4182 donec
1141 4146 1206 4182 ossa

25 4205 94 4259 eius
118 4204 148 4258 in
174 4205 401 4277 [ma]esol[aeum
425 4203 629 4274 inferrentur]'.
666 4203 793 4272 Apparet
814 4201 902 4270 igitur
924 4202 1071 4269 peridem
1094 4201 1205 4268 tempus

25 4295 90 4348 quo
110 4274 215 4346 privati
238 4275 391 4332 novendial
409 4277 597 4332 observabant
614 4275 644 4329 in
667 4274 765 4330 funere
783 4274 896 4343 publico
919 4271 1057 4326 iustitium
1076 4271 1207 4340 valuisse,

25 4351 75 4404 ita
100 4351 197 4403 tamen
219 4350 252 4402 ut
273 4348 303 4402 in
325 4346 468 4401 fiuneribus
491 4345 680 4418 imperatoriis
702 4347 814 4414 tempus
837 4344 927 4398 multo
950 4343 1061 4411 longius
1085 4346 1159 4396 esset
1182 4345 1204 4396 si

27 4420 147 4490 quando
167 4437 267 4490 corpus
285 4419 390 4473 mortui
407 4421 504 4489 procul
522 4418 718 4474 arcessendum
738 4419 805 4471 erat.
842 4414 935 4469 Etiam
955 4416 1020 4483 post
1033 4413 1063 4467 L.
1079 4413 1206 4467 Caesaris

23 4499 106 4562 Aug.
126 4492 145 4546 f.
165 4495 284 4547 mortem
302 4491 441 4545 iustitium
460 4490 546 4546 fuisse
564 4492 594 4544 iu
612 4489 708 4558 lapide
726 4489 855 4555 traditur,
881 4486 905 4540 si
924 4489 998 4540 recte
1018 4486 1205 4539 Mommsenus

25 4566 69 4620 ad
94 4579 160 4617 eum
182 4562 293 4618 rettulit
319 4563 507 4632 fragmentum
532 4562 571 4629 (G.
595 4560 616 4616 1.
641 4561 671 4614 L.
690 4560 737 4615 Vl.
762 4563 822 4616 895.
841 4564 858 4611 4
878 4585 911 4602 =
931 4557 950 4612 l.
970 4561 1022 4614 286
1042 4555 1076 4611 cf.
1095 4575 1122 4624 p.
1143 4559 1206 4624 565)

941 4645 992 4698 22*
