3156 5362
738 307 895 364 Fridericus
915 309 1051 366 Vollmen

333 637 336 646 Ι
435 553 492 612 IV.
521 554 570 609 De
593 567 718 624 pompa
740 557 844 624 atque
868 557 1034 625 apparatu
1055 555 1187 610 funeris
1210 553 1348 624 publici.

394 690 489 759 Quale
507 691 604 767 primo
623 696 691 768 post
710 692 778 752 Chr.
799 714 826 752 n.
846 695 963 753 saeculo
982 694 1146 753 communis
1174 693 1272 769 opinio
1295 693 1476 752 intellexerit

304 782 394 838 funus
413 780 580 858 publicum,
599 782 771 841 illustratur
788 783 865 842 bene
888 783 987 843 verbis
1007 782 1184 852 Quintiliani
1206 783 1237 840 in
1262 782 1475 842 declamatione

304 872 377 929 329.
386 861 410 949 ¹)
450 869 564 930 Rhetor
581 873 674 946 negat
692 889 798 948 corpus
817 873 938 948 tyranni
957 872 994 930 ab
1014 872 1079 947 ipso
1094 872 1245 931 interfecti
1261 872 1377 947 publice
1391 873 1476 931 fune-

304 959 431 1017 randum
455 976 534 1036 esse‚
562 959 635 1018 dicit
657 954 778 1034 ‘corpus
806 961 881 1019 illud
909 961 1047 1021 omnibus
1074 961 1191 1037 sibique
1219 960 1277 1036 ipsi
1304 962 1477 1020 damnatum

302 1048 430 1125 publicis
445 1048 558 1108 scilicet
572 1049 719 1126 exsequiis
737 1050 914 1109 efferemus?
932 1051 987 1110 hoc
998 1051 1091 1124 agite:
1107 1051 1233 1110 ducatur
1242 1050 1348 1126 ingens
1363 1051 1477 1110 funeris

305 1155 421 1213 pompa,
442 1140 491 1196 eat
509 1138 624 1213 primus
640 1141 761 1198 senatus
777 1142 808 1198 et
822 1141 893 1198 ordo
907 1140 959 1198 ille
975 1139 1180 1198 sanctissimus
1271 1142 1336 1198 tum
1349 1141 1479 1198 maxima

306 1227 468 1285 multitudo
488 1227 639 1303 equiturn,
658 1227 815 1288 universus
834 1228 961 1304 denique
979 1229 1108 1304 populus
1127 1229 1237 1288 lustret
1256 1231 1346 1304 atque
1364 1229 1479 1288 ambiat

303 1334 411 1391 rogum
427 1358 486 1374 ....
501 1335 540 1374 an
554 1316 661 1392 aliquis
678 1317 769 1375 etiam
784 1321 883 1377 rostra
897 1318 1076 1378 conscendet
1090 1321 1121 1377 et
1135 1309 1201 1397 (qui
1216 1336 1373 1393 supremus
1388 1319 1479 1377 claris

303 1404 418 1464 civibus
437 1404 532 1463 honor
550 1398 694 1487 habetur)
718 1407 863 1466 advocata
885 1408 989 1483 populi
1012 1407 1148 1467 contione
1172 1407 1276 1466 laudes
1300 1407 1363 1466 eius
1388 1428 1479 1483 quem

303 1494 333 1551 in
352 1494 417 1552 foro
437 1494 586 1568 sepulturi
605 1513 708 1554 snmus
727 1489 899 1556 concinet?'

392 1581 557 1642 Accuratas
576 1583 714 1642 funerum
734 1585 923 1644 sollemnium
941 1585 1156 1662 descriptiones
1180 1604 1238 1646 non
1258 1585 1403 1644 habemus
1425 1587 1481 1645 nisi

261 1702 266 1709 -
303 1671 526 1732 ansareorum.
555 1672 691 1749 Apparet
705 1691 740 1732 ea
755 1673 862 1733 eximia
876 1694 944 1733 cum
958 1675 1178 1751 magnificentia
1193 1678 1223 1733 et
1237 1674 1481 1750 splendidissimo

304 1763 453 1837 apparatu
472 1762 562 1820 ducta
580 1780 654 1834 esse,
673 1782 769 1838 neque
788 1783 858 1822 vero
877 1767 978 1840 potest
997 1764 1121 1822 dubium
1136 1764 1231 1823 videri
1245 1764 1318 1839 quin
1334 1767 1365 1822 et
1380 1783 1418 1822 ea
1434 1785 1481 1824 res

303 1850 481 1926 principales
500 1868 569 1909 cum
586 1851 774 1926 privatorum
793 1853 948 1913 funeribus
967 1853 1095 1928 publicis
1121 1871 1293 1912 communes
1316 1853 1482 1912 habuerint

303 1942 334 1997 et
347 1938 534 2015 privatorum
549 1940 708 2016 exsequiae
722 1942 859 2015 publicae
875 1945 912 2002 ad
928 1944 1065 2018 exempla
1074 1941 1269 2018 imperatoria
1278 1943 1483 2017 amplificatae

303 2019 405 2108 sint.²)
442 2027 557 2088 Eorum
575 2029 669 2105 igitur
687 2030 817 2107 vestigia
836 2035 906 2090 sunt
923 2032 1094 2108 premenda.

391 2115 423 2176 O.
438 2117 526 2176 Iulii
545 2116 713 2178 Caesaris
732 2120 832 2198 funus,
852 2121 929 2196 quod
948 2120 1103 2196 publicum
1116 2121 1208 2180 fuisse
1223 2119 1283 2179 iam
1297 2124 1482 2192 monuimus,

300 2206 372 2266 licet
387 2207 546 2282 scriptores
561 2206 652 2268 verbo
667 2227 726 2267 non
740 2211 874 2282 utantur,
889 2210 1063 2270 describunt
1079 2209 1239 2269 Suetonius
1250 2207 1370 2269 Cassius
1386 2205 1483 2292 Di03)

301 2287 500 2378 Appianus⁴)‚
514 2316 642 2372 quorum
656 2297 744 2356 unius
759 2299 852 2358 verba
867 2300 1060 2359 exscribenda
1074 2302 1148 2374 puto
1163 2302 1253 2374 atque
1268 2298 1414 2376 Suetonii,
1431 2303 1483 2376 qui

301 2385 466 2460 plurimum
481 2386 615 2445 conferat
629 2386 667 2444 ad
681 2390 901 2463 cognoscendos
916 2389 992 2448 ritus
1006 2387 1207 2448 funeraticios.
1237 2387 1313 2447 Sunt
1323 2389 1405 2447 vitae
1418 2390 1482 2449 divi

300 2473 370 2531 Iulii
388 2474 420 2533 in
439 2474 536 2550 capite
552 2477 593 2533 84
608 2476 682 2534 haec
695 2477 801 2536 verba:
820 2471 949 2538 ‘funere
964 2478 1075 2538 indicto
1090 2497 1182 2554 rogus
1197 2480 1367 2537 exstructus
1383 2482 1435 2538 est
1452 2481 1483 2537 in

300 2563 409 2622 Martio
429 2582 533 2639 campo
551 2565 636 2623 iuxta
652 2564 748 2624 Iuliae
767 2568 917 2626 tumulum
941 2571 971 2627 et
990 2588 1043 2643 pro
1062 2568 1169 2626 rostris
1192 2570 1302 2626 aurata
1325 2567 1418 2626 aedes
1443 2570 1483 2627 ad

300 2652 492 2712 simulacrum
507 2653 611 2729 templi
627 2653 751 2714 Veneris
767 2654 933 2717 Genetricis
948 2657 1106 2734 collocata3
1124 2657 1263 2732 intraque
1277 2657 1373 2715 lectus
1388 2657 1482 2716 ebur·

299 2760 373 2800 neus
393 2760 466 2801 auro
490 2760 524 2802 ac
542 2762 675 2818 purpura
698 2746 812 2804 stratus
837 2750 867 2804 et
889 2747 927 2804 ad
951 2750 1041 2822 caput
1064 2750 1222 2822 tropaeum
1245 2764 1313 2804 cum
1335 2747 1424 2804 veste
1452 2748 1484 2805 in

299 2849 360 2907 qua
374 2832 472 2890 fuerat
487 2830 607 2890 occisus.
640 2831 882 2893 Praeferentibus
897 2853 1030 2912 munera,
1053 2835 1123 2910 quia
1142 2835 1321 2894 suffecturus
1336 2831 1401 2893 dies
1418 2855 1483 2895 non

298 2919 467 2997 videbatur,
485 2924 677 2997 praeceptum
696 2924 731 2981 ut
750 2923 858 2982 omisso
878 2923 981 2983 ordine
1001 2923 1108 2999 quibus
1127 2924 1254 2999 quisque
1273 2923 1365 2982 vellet
1384 2923 1482 2984 itine-

298 3009 382 3068 ribus
400 3010 483 3069 urbis
502 3012 637 3086 portaret
650 3010 682 3069 in
696 3029 844 3090 campum.
875 3011 958 3072 Inter
972 3003 1091 3093 ludos⁵)
1107 3015 1228 3072 cantata
1243 3015 1314 3071 sunt
1326 3015 1484 3089 quaedam

297 3221 371 3283 costr
388 3216 492 3283 ἡμέρας
510 3217 540 3269 ἑν
558 3223 600 3285 τῷ
618 3217 744 3286 παλατίῳ
763 3215 890 3284 ἑποίηεεν
908 3218 925 3284 ἢ
946 3219 991 3271 καὶ
1010 3219 1093 3285 becco
1113 3218 1155 3272 ἀεὶ
1173 3219 1226 3272 ὑπ’
1244 3219 1339 3274 αὐτῶν
1357 3226 1421 3274 τῶν
1438 3223 1484 3276 ἀεὶ

297 3288 514 3412 gbrrprpplrltpurv
537 3289 680 3343 reldrci'.
722 3287 761 3342 Of.
780 3287 936 3344 Mommsen
959 3289 995 3343 ad
1015 3288 1045 3344 G.
1059 3288 1080 3345 Ι.
1095 3288 1125 3344 L.
1144 3288 1158 3341 I
1175 3308 1203 3359 p.
1223 3294 1276 3344 38t
1308 3289 1485 3360 Marquardt

390 3429 417 3498 1)
435 3377 538 3498 ppitlb.
553 3437 587 3486 28
597 3429 698 3488 leitter.

386 3503 414 3570 2)
435 3499 551 3570 Singula
573 3520 631 3558 non
652 3503 753 3557 mirum
777 3503 821 3556 est
842 3502 924 3558 nobis
948 3521 1004 3558 non
1027 3504 1135 3560 tradita
1158 3520 1226 3559 esse.
1269 3505 1307 3560 At
1329 3521 1365 3559 ne
1389 3507 1485 3562 nimis

298 3573 389 3626 multa
406 3572 552 3629 funeribus
569 3575 715 3629 homiuum
733 3591 790 3628 non
813 3573 1010 3644 imperatoriae
1034 3575 1183 3646 dignitatis
1207 3576 1352 3630 demamus
1377 3583 1487 3635 monet

297 3643 422 3712 portatio
441 3645 510 3699 civis
524 3644 652 3700 Perusini
670 3647 706 3700 ad
724 3663 823 3716 rogum
837 3664 888 3717 per
908 3646 1028 3717 ‘equites
1042 3647 1184 3703 Romanos
1202 3647 1290 3702 facta’
1312 3646 1347 3702 cf.
1363 3646 1394 3702 0.
1412 3649 1436 3704 1.
1455 3651 1486 3706 L.

297 3715 344 3770 XI.
362 3720 429 3770 1946
444 3733 471 3785 p.
483 3719 543 3771 35⁷.
576 3716 625 3771 Nil
638 3733 689 3773 nos
703 3717 803 3773 iuvant
817 3717 860 3772 hir
874 3717 905 3772 in
919 3720 1130 3788 quaestionibus
1144 3721 1325 3774 monumenta
1338 3719 1487 3788 figuratim

297 3804 388 3857 neque
408 3787 483 3843 enim
501 3803 535 3842 ea
554 3805 625 3858 quae
644 3805 697 3858 ego
716 3787 831 3858 quidem
846 3792 970 3846 noverim
985 3791 1139 3861 quidquam
1153 3791 1261 3845 habent
1275 3791 1352 3859 quod
1365 3790 1486 3849 funeris

296 3859 404 3928 publici
422 3858 567 3929 proprium
586 3860 764 3929 splendorem
783 3860 963 3919 demonstret.
1002 3861 1116 3918 Privata
1133 3863 1233 3918 funera
1253 3861 1330 3931 picta
1353 3865 1429 3918 eunt
1456 3866 1487 3920 in

296 3930 402 3984 tabulis
421 3931 647 3987 commemoratis
667 3949 684 3986 a
701 3931 894 4001 Marquardtio
914 3933 1041 4002 (Privati,
1059 3932 1091 3987 1¹
1108 3952 1136 4003 p.
1152 3938 1215 4004 352)
1235 3939 1264 3988 et
1278 3933 1487 3991 Baumeisterc

296 4001 477 4071 (Denlrmdler
494 4005 508 4057 Ι
525 4022 552 4073 p.
568 4004 632 4074 309)
650 4004 679 4058 et
696 4003 850 4059 Huelsseno
870 4005 973 4073 (Mittb.
993 4005 1018 4061 d.
1039 4005 1121 4060 Arch.
1140 4005 1207 4062 inst.
1225 4005 1305 4059 Rom.
1320 4003 1354 4059 V.
1375 4005 1487 4080 [1890]

295 4090 323 4141 p.
339 4074 392 4144 72).
429 4074 507 4129 Neve
525 4077 608 4144 putes
623 4092 657 4129 ea
671 4076 771 4130 funera
784 4074 955 4145 singularem
969 4079 1084 4146 propter
1098 4079 1265 4146 apparatum
1281 4078 1310 4130 ct
1323 4075 1487 4145 publicum

295 4161 451 4200 maerorem
470 4147 506 4200 ab
525 4145 679 4202 artificibus
723 4146 850 4215 reposita
872 4163 945 4216 esse;
971 4149 1037 4216 quid
1060 4150 1175 4218 propius
1199 4150 1261 4203 erat
1282 4145 1313 4201 in
1336 4148 1489 4206 honorem

296 4215 578 4355 mortui)a4rpcapingg
597 4235 682 4286 quam
700 4165 805 4272 dincris
824 4223 975 4289 pompam?

384 4360 411 4428 4)
430 4360 457 4413 b.
471 4374 494 4414 c.
509 4359 543 4416 Π.
559 4365 708 4418 rra-148.

386 4431 414 4500 t)
431 4430 568 4501 Intellege
586 4449 643 4487 non
660 4433 741 4488 ludos
759 4433 892 4489 funebres
911 4432 960 4489 sed
978 4431 1041 4488 ioca
1059 4434 1118 4504 illa,
1137 4449 1208 4502 qnae
1227 4435 1307 4489 utin
1325 4435 1488 4506 triumpho

296 4500 337 4555 sic
355 4500 385 4556 in
402 4502 465 4572 ipsa
481 4519 588 4574 pompa
605 4503 733 4559 ducenda
750 4505 917 4561 dicebantur
934 4505 981 4561 vel
999 4506 1156 4575 agebantur
1174 4505 1309 4562 amimis.
