3128 5352
378 325 419 382 De
438 327 534 382 funere
553 327 665 397 publico
685 330 880 385 Romanorum.
1152 332 1216 397 321

55 497 165 573 publica
178 499 215 556 ut
228 495 280 555 alii
294 496 370 555 ritus
384 497 554 557 funeraticii
564 498 675 558 Itomae
685 499 827 576 antiquae
833 490 859 580 1)
874 499 1005 558 15115115
1019 519 1072 576 per
1085 501 1216 560 medium
1310 569 1314 578 Ι

55 589 126 662 quod
144 587 251 646 dicitur
269 604 373 646 aevom
392 605 486 663 usque
506 587 544 646 ad
564 589 618 647 hcc
636 590 773 649 nostrum
793 589 943 648 saeculum
971 590 1091 649 decreta
1109 593 1180 649 sunt
1199 611 1217 650 a

53 676 212 753 municipiis
221 674 461 752 praedicatorum
472 677 605 755 collegiis
617 677 812 738 conventibus
823 679 940 738 scholis.
960 677 1058 737 Etiam
1070 679 1215 738 formulae

52 766 184 842 antiquae
194 766 240 826 his
250 767 281 825 in
291 765 427 840 decretis,
437 785 513 843 quae
523 767 554 824 in
563 767 657 843 cippis
668 771 946 845 commemorantur,
957 769 1094 829 servatae
1105 760 1215 850 sunt.²)

331 1001 375 1057 11.
400 1000 493 1066 Quid
515 1002 560 1058 sit
583 991 702 1059 ‘funus
724 992 924 1073 publicum’.
988 1033 989 1038 .

132 1141 188 1199 Vix
210 1142 311 1216 potest
332 1140 429 1200 videri
452 1141 576 1200 dubium
600 1143 672 1220 quin
694 1133 797 1201 ‘funus
820 1136 985 1218 publicum'
1009 1143 1150 1218 primitus
1173 1143 1216 1201 nil

49 1229 255 1308 significaverit
272 1228 331 1288 nisi
344 1234 481 1305 sumptus
496 1231 609 1291 funeris
624 1251 659 1291 ex
674 1230 790 1291 aerario
805 1233 950 1291 decretos.
984 1231 1099 1290 Sensim
1114 1235 1215 1291 tamen

47 1321 119 1378 51155
136 1338 183 1379 res
202 1319 360 1378 accessisse
379 1318 526 1381 ridentur.
565 1319 645 1390 Quas
664 1324 698 1379 ut
712 1321 924 1396 perspiciamus
940 1322 1108 1380 exeundum
1122 1323 1181 1380 erit
1196 1342 1215 1380 a

46 1411 157 1484 pompis
172 1408 232 1467 illis
246 1425 321 1483 quas
334 1409 564 1483 imperatoribus
579 1409 684 1486 primis
699 1429 861 1487 eorumque
876 1411 1051 1487 propinquis
1066 1412 1096 1469 et
1109 1410 1214 1469 amicis

45 1501 145 1557 ductas
155 1516 219 1558 esse
228 1498 355 1572 legimns
366 1499 754 1575 quaequeapcsterioribus
764 1499 995 1575 imperatoribus
1005 1499 1031 1558 si
1040 1519 1099 1581 non
1107 1501 1213 1558 auctae

45 1592 77 1646 51
91 1587 298 1664 aequiperatae
313 1590 392 1646 sunt.
420 1588 567 1648 Audimus
577 1589 650 1647 haec
664 1588 770 1647 funera
785 1591 902 1648 secutos
917 1607 982 1648 esse
997 1589 1116 1648 ordines
1130 1607 1212 1648 sena·

44 1678 151 1736 torium
166 1679 197 1736 et
211 1679 387 1752 equestrem,
407 1677 604 1754 magistratus
620 1679 650 1736 et
665 1673 842 1751 sacerdotes
857 1678 955 1737 varios
970 1697 1110 1736 numeros
1124 1679 1212 1753 plene

43 1769 223 1826 armatorum
232 1765 372 1842 militum,
382 1767 497 1826 luctum
507 1767 660 1826 decretum
670 1785 735 1826 esse
746 1786 887 1840 annuum,
899 1766 1049 1826 iustitium
1058 1767 1212 1844 indictum,

44 1857 135 1914 fasces
149 1854 291 1928 inversos,
309 1855 507 1930 magistratus
523 1856 682 1932 reliquisse
697 1856 786 1914 sellas
802 1847 962 1934 curules.³)
995 1855 1077 1925 Quae
1091 1875 1139 1915 res
1154 1875 1213 1915 non

40 1946 138 2004 minus
157 1943 363 2003 demonstrant
378 1963 468 2019 quam
482 1944 639 2005 decessum
652 1945 740 2004 illum
754 1945 805 2021 qui
818 1945 981 2020 lugebatur
994 1945 1132 2006 habitum
1147 1964 1212 2004 esse

39 2053 99 2093 non
113 2034 173 2092 iam
187 2053 241 2110 pro
256 2031 398 2092 familiari
412 2034 556 2111 gentilive
574 2026 1211 2114 555555655551555155155551555115551)

39 2124 88 2182 Ad
105 2124 194 2182 funus
213 2123 309 2198 igitur
326 2142 358 2181 re
377 2141 449 2182 vera
467 2123 620 2198 publicum
638 2125 712 2182 haec
735 2124 835 2183 omnia
857 2122 1017 2198 pertinent.
1054 2124 1149 2198 Atqui
1167 2124 1212 2182 in·

38 2213 194 2288 tellegitur
212 2213 285 2270 haec
310 2213 409 2271 luctus
433 2212 545 2287 publici
568 2214 747 2272 documenta
769 2231 828 2272 non
850 2212 980 2288 primum
1003 2211 1034 2270 in
1056 2213 1211 2271 funeribus

38 2301 239 2376 imperatoriis
258 2319 313 2359 555
333 2301 464 2378 venisse,
483 2302 573 2361 immo
592 2321 646 2378 per
665 2302 783 2379 longius
803 2305 921 2376 tempus
941 2301 1024 2359 aliud
1041 2304 1111 2376 post
1129 2302 1211 2360 aliud

37 2393 194 2450 inventum
213 2393 244 2450 et
262 2391 414 2450 decretum
432 2409 506 2450 esse.
544 2389 572 2449 A
591 2390 693 2450 Sullae
711 2393 799 2466 putes
817 2391 937 2467 funere,
961 2389 1012 2465 qui
1031 2409 1067 2448 ex
1086 2389 1114 2448 S.
1130 2389 1161 2448 O.
1180 2390 1212 2448 in

36 2499 140 2556 campo
155 2479 264 2538 Martio
284 2479 421 2554 sepultus
441 2482 495 2557 est,
514 2479 683 2540 aansaris
702 2481 840 2540 luctuosa
859 2479 1096 2539 concrematione
1116 2479 1211 2553 publi-

36 2591 104 2628 cum
123 2570 213 2627 funus
232 2567 390 2642 paullatim
410 2569 533 2626 adeam
554 2569 786 2628 sollemnitatem
810 2570 1026 2628 conformatum
1051 2587 1128 2644 esse,
1152 2588 1210 2644 qno

35 2647 241 2738 Augustum5)
262 2657 390 2732 legimus
410 2658 586 2716 Marcellum
605 2659 636 2717 et
656 2657 822 2734 Agrippam
843 2657 1000 2734 extulisse,
1024 2676 1084 2734 qua
1107 2661 1211 2733 postea

70 2880 178 2954 833179
215 2880 282 2950 imp.
301 2878 492 2950 Vespasianus
512 2881 589 2936 Suet.
607 2881 691 2950 Veep.
709 2887 750 2935 19.

70 2951 176 3026 835181
214 2950 282 3020 imp.
301 2950 381 3006 Titus
401 2952 477 3006 Suet.
497 2952 577 3007 Dom.
598 2958 614 3006 2

70 3025 176 3097 851197
214 3021 365 3092 Verginius
383 3022 471 3077 Rufus
490 3023 562 3078 Plin.
583 3040 626 3093 ep.
645 3021 751 3078 11.1.1

69 3095 194 3240 8611167
213 3093 336 3149 11515155
356 3093 425 3150 Sura
444 3093 519 3150 Cass.
538 3093 591 3150 Dio
611 3111 653 3163 ep.
674 3099 808 3150 os.1t.a

68 3176 122 3224 920
144 3172 195 3221 166
214 3165 298 3219 multi
316 3167 367 3220 lul.
387 3165 478 3237 Capit.
497 3166 547 3221 vit.
567 3167 669 3221 Antan.
690 3172 722 3220 13

68 3238 193 3311 9231169
211 3237 279 3307 imp.
298 3236 327 3293 L.
342 3237 431 3292 Verus
451 3236 590 3307 Spartian.
610 3237 671 3292 Ael.
690 3236 753 3291 Ver.
774 3245 789 3292 6

67 3310 193 3380 9341186
212 3309 279 3378 imp.
298 3310 336 3362 M.
351 3308 481 3363 Aurelius
500 3309 551 3364 Iul.
572 3308 661 3378 Capit.
680 3328 706 3364 v.
727 3309 789 3362 Ant.
812 3315 835 3362 7.
853 3313 893 3361 18.

66 3382 193 3456 9471193
211 3381 280 3450 imp.
299 3380 429 3434 Pertinax
448 3379 522 3436 Osse.
544 3378 596 3436 Dic
616 3397 658 3448 ep.
679 3384 720 3436 74.
741 3386 766 3434 5.
789 3384 802 3432 1
876 3377 995 3447 Capitol.
1015 3377 1088 3432 Pert.
1110 3383 1151 3432 14.
1174 3385 1207 3432 15

140 3489 143 3494 -
249 3452 388 3521 Spartian.
406 3470 433 3506 v.
453 3450 582 3506 8555517

66 3525 193 3598 9651211
212 3523 280 3592 imp.
301 3524 419 3578 Severus
439 3520 578 3593 Spartian.
598 3541 624 3578 v.
645 3521 740 3577 Severi
760 3526 792 3575 19

66 3595 193 3667 9711917
213 3595 279 3665 imp.
291 3594 566 3720 111555551151151555.
578 3593 651 3648 VHI.
662 3599 697 3648 20
726 3591 864 3663 Spartian.
875 3593 970 3646 Carae.
981 3599 997 3646 9
1025 3591 1076 3647 lul.
1088 3591 1208 3663 Capitol.

120 3707 125 3718 .
246 3685 272 3721 v.
322 3665 454 3722 5551515.

123 3738 204 3809 1151.
229 3736 377 3805 Moratum,
406 3735 601 3792 dissertatione
630 3753 713 3806 sopra
742 3734 768 3788 le
795 3734 934 3789 antichita
957 3734 1078 3789 11511555
1101 3737 1167 3791 tom.
1186 3735 1206 3789 I.

47 3816 148 3867 ,3395
192 3852 197 3864 .

22 3834 43 3882 p
121 3829 276 3951 2)qgilvam
288 3879 479 3949 exemplorum
494 3879 641 3934 collectam
655 3877 783 3934 invenies
798 3877 873 3948 apud
882 3877 1059 3932 Morcellium
1073 3877 1102 3931 in
1116 3875 1206 3932 lexico

21 3954 178 4024 epigraph.
193 3951 219 4005 II
238 3970 264 4020 p.
280 3957 324 4019 67,
343 3951 418 4021 ipsos
437 3949 582 4021 cipporum
601 3949 701 4004 titulos
719 3948 750 4003 in
769 3948 895 4004 eiusdem
915 3964 1030 4017 opernm
1048 3948 1208 4019 epigraphi·

22 4045 126 4082 corum
142 4024 209 4104 roll.
221 4022 253 4076 ΙΙ.
269 4023 316 4077 lV.
331 4021 365 4105 V.
395 4021 560 4104 1155551155,
575 4020 605 4075 15
620 4021 721 4089 quibus
736 4021 823 4076 etiam
837 4021 1032 4074 laudationum
1046 4020 1079 4076 fit
1093 4021 1207 4089 mentio,

20 4091 1075 4245 Θχεῦῃξῗᾶιέ511ἓ151118111151ἓὲῃ11Βεὲῧρέοξιᾞ11515111155155555515511.
1166 4234 1171 4245 Ι

121 4240 151 4308 4)
170 4237 284 4292 Sueten.
304 4238 338 4290 de
356 4240 447 4290 morte
467 4236 531 4306 imp.
552 4234 608 4290 Titi
628 4236 693 4304 (ll.)
714 4235 783 4290 ‘non
803 4250 882 4288 secus
902 4237 986 4304 atque
1005 4252 1034 4288 m
1054 4234 1207 4289 domestico

18 4315 106 4368 15515
127 4308 319 4364 maerentibus
337 4307 450 4377 publice
470 4305 599 4362 cunctis’.
633 4305 713 4362 Cone.
728 4306 765 4361 ad
780 4305 839 4360 1115.
855 4312 888 4360 66
909 4305 1207 4361 ε1551555115115555

17 4381 162 4455 publicus
177 4379 226 4435 ille
240 4378 315 4435 fuit’.
345 4378 532 4436 8555115184
548 4379 588 4433 ‘in
603 4394 710 4433 summo
725 4377 839 4448 publico
854 4378 955 4434 luctn’.
981 4377 1089 4444 εκοινὴν
1104 4378 1205 4444 λύπην’

17 4461 111 4512 lusor.
134 4453 182 4507 Gr.
202 4451 263 4507 1151.
283 4455 344 4507 760.
361 4457 384 4506 7.

114 4526 145 4594 5)
165 4522 261 4593 Ipsum
280 4523 439 4594 Augustum
459 4521 594 4577 55555115
612 4537 729 4577 novasse
748 4521 806 4577 veri
826 4519 918 4576 simile
937 4522 980 4576 est
999 4519 1034 4574 51.
1053 4538 1080 4590 p.
1096 4522 1155 4574 936.
