3156 5362
787 287 944 342 Fridericus
963 284 1101 340 Vollmer:

537 519 612 574 VII.
644 519 692 572 De
716 510 895 570 funeribus
917 511 1064 582 publicis
1086 508 1360 578 municipalibus.

452 643 576 718 Saepius
594 641 654 698 iam
674 637 802 696 diximus
821 636 984 696 secundum
1004 632 1141 708 exempla
1158 631 1293 688 Romana
1312 629 1403 688 ctiam
1421 629 1455 687 in
1477 649 1540 686 mn-

361 733 478 809 nicipiis
498 732 618 790 decreta
637 747 701 788 esse
720 727 828 786 funera
845 724 972 800 publica.
1010 722 1118 797 Itaque
1132 710 1310 798 Apuleiusl)
1329 719 1429 793 potuit
1449 718 1540 776 indu-

361 842 427 883 cere
460 820 681 898 Telyphronem
712 816 886 875 Larisaeum
918 814 1090 872 narrantem
1122 804 1200 868 ‘ecce
1231 809 1292 867 iam
1324 808 1362 866 ad
1394 808 1542 866 ultimum

365 913 491 971 defletus
511 912 602 985 atque
615 907 817 967 conclamatus
831 904 1017 978 processerat
1031 904 1169 959 mortuus
1183 899 1304 975 rituque
1319 899 1416 974 patrio
1429 900 1542 972 utpote

363 1020 442 1059 unus
461 1000 497 1058 de
517 997 711 1074 optimatibus
730 1013 839 1072 pompa
856 992 970 1050 funeris
989 990 1102 1066 publici
1120 988 1299 1048 ductabatur
1317 1006 1371 1063 per
1384 979 1544 1066 forum'2)

365 1091 446 1149 Haec
464 1090 571 1147 funera
589 1087 627 1145 ab
646 1085 719 1162 ipsis
739 1083 969 1159 municipiorum
988 1079 1141 1138 ordinibus
1160 1077 1280 1137 decreta
1299 1080 1329 1136 et
1348 1076 1545 1152 amagistra

364 1180 446 1238 tibus
465 1176 693 1252 municipalibus
713 1175 803 1233 ducta
828 1190 893 1232 esse
917 1172 1150 1231 consentaneum
1169 1169 1221 1226 est.
1260 1165 1346 1235 Quod
1371 1167 1411 1225 ad
1429 1167 1546 1224 funera

366 1268 511 1345 Syphacis
526 1268 557 1324 et
570 1264 671 1324 Persei
685 1282 790 1338 regum
805 1261 923 1337 publice
938 1259 1072 1318 ducenda
1086 1260 1261 1334 quaestores
1270 1255 1365 1314 Tibur
1380 1258 1410 1315 et
1420 1254 1546 1330 Albam,

366 1359 476 1434 quibus
494 1357 526 1414 in
544 1354 661 1430 oppidis
681 1352 793 1428 captivi
810 1350 1018 1423 versabantur,
1041 1367 1060 1406 a
1079 1349 1184 1406 senatu
1203 1347 1337 1405 Romano
1356 1345 1442 1404 missi
1464 1349 1547 1417 sunt,

364 1448 424 1506 iam
444 1446 611 1505 monuimus
631 1462 667 1502 ea
685 1442 871 1518 segreganda
891 1457 956 1498 esse
976 1458 993 1497 a
1012 1427 1163 1514 ceteris.³)

455 1533 706 1609 Antiquissimum
725 1530 838 1590 funeris
857 1527 970 1604 publici
985 1531 1069 1587 extra
1087 1524 1192 1584 urbem
1210 1525 1336 1584 Romam
1354 1523 1427 1583 facti
1442 1543 1548 1584 exem-

367 1626 449 1700 plum
472 1626 519 1682 est
543 1621 573 1681 O.
597 1621 703 1680 Lucilii
721 1623 827 1695 poetae
847 1638 872 1678 a.
898 1611 1037 1680 651l103
1062 1614 1190 1691 Neapoli
1218 1613 1337 1689 publice
1366 1614 1449 1690 elati,
1475 1614 1548 1672 dum

368 1713 455 1771 modo
474 1714 556 1771 recte
575 1710 719 1770 traditum
739 1701 819 1789 sest)
851 1709 925 1767 Inde
944 1707 982 1766 ab
997 1705 1136 1783 Augusto
1155 1705 1187 1762 in
1201 1703 1370 1778 municipiis
1384 1703 1497 1764 Italiae
1521 1709 1549 1763 et

370 1802 592 1878 provinciarum
611 1800 734 1859 urbibus
753 1800 898 1858 honorem
917 1813 1103 1856 communem
1121 1793 1213 1853 fuisse
1238 1796 1268 1852 et
1291 1794 1428 1852 crebrum
1457 1796 1551 1853 multi

367 1891 450 1949 tituli
469 1892 585 1967 docent,
604 1907 677 1965 quos
695 1889 727 1947 in
745 1888 907 1963 appendice
926 1885 1086 1961 composui.

458 1979 587 2038 Decreta
604 1979 695 2037 variis
713 1978 744 2036 in
763 1976 924 2052 provinciis
943 1974 1028 2034 varia
1045 1975 1196 2033 testantur
1212 1971 1314 2031 verba.
1340 1971 1376 2029 ln
1395 1971 1548 2046 Hispania

369 2071 499 2128 formula
523 2068 646 2144 volgata
669 2070 716 2127 est
734 2060 814 2125 ‘huic
834 2066 904 2125 ordo
995 2065 1160 2140 impensam
1183 2061 1306 2136 funeris,
1330 2061 1550 2138 laudationem,

372 2160 469 2218 locum
497 2157 682 2234 sepulturae,
706 2158 838 2214 statuam
861 2146 1020 2228 decrevit'3
1050 2154 1122 2211 ordo
1150 2159 1251 2210 tamen
1273 2150 1419 2210 naturalis
1444 2171 1551 2210 rerum

372 2248 522 2307 interdum
550 2246 730 2322 neglegitur.
771 2244 831 2302 Ter
859 2243 981 2302 additur
1009 2237 1177 2318 ‘exsequias
1205 2233 1352 2316 publicas’
1375 2241 1423 2300 vel
1451 2235 1550 2300 ‘exse-

370 2327 511 2417 quias’.⁵)
537 2335 625 2394 Aliae
640 2334 786 2394 formulae
796 2334 936 2394 videntur
951 2331 1102 2392 exstitisse
1115 2332 1146 2389 in
1159 2331 1257 2389 titulis
1267 2330 1381 2390 mutilis
1395 2329 1435 2388 Π.
1451 2332 1550 2392 1103.

463 2491 487 2551 1)
507 2489 619 2541 Metam.
639 2487 674 2541 Π.
693 2493 736 2542 27.

462 2561 490 2629 2)
499 2558 590 2612 Valde
601 2558 717 2612 miratus
727 2574 788 2610 snm
803 2555 889 2611 etiam
903 2556 933 2609 in
946 2555 1106 2610 novissimis
1120 2554 1220 2609 Iustini
1234 2554 1402 2609 editionibus
1416 2555 1476 2623 (43.
1488 2565 1517 2611 5.
1530 2565 1551 2621 9‘.

374 2627 546 2686 circumferri
576 2633 657 2684 vetus
681 2628 822 2683 mendum.
866 2627 982 2696 Legitur
1004 2626 1045 2682 ibi
1069 2625 1298 2681 ‘Massiliensium
1321 2625 1409 2695 legati
1432 2629 1552 2683 audive-

374 2703 438 2756 rant
455 2703 552 2755 urbem
570 2702 725 2755 Romanam
744 2718 761 2754 a
780 2699 868 2753 Gallis
887 2701 998 2768 captam
1016 2697 1223 2767 incensamque.
1260 2697 1449 2762 Quamobrem
1477 2700 1554 2754 domi

372 2773 531 2826 nuntiatam
546 2771 659 2841 publico
673 2771 769 2825 funere
784 2769 971 2826 Massilienses
990 2771 1133 2839 prosecuti
1152 2772 1218 2823 sunt
1231 2785 1384 2836 aurumque
1405 2772 1433 2824 et
1448 2785 1552 2840 argen-

374 2847 434 2898 tum
453 2843 597 2913 publicum
615 2844 812 2912 privatumque
831 2842 1010 2896 contulerunt
1033 2842 1069 2896 ad
1087 2841 1256 2911 explendum
1278 2840 1387 2910 pondus
1408 2839 1517 2909 Gallis,
1542 2862 1553 2895 a

374 2914 476 2983 quibus
494 2916 670 2984 redemptam
690 2930 787 2984 pacem
802 2914 1000 2984 cognoverant.
1039 2912 1081 2966 Ob
1101 2913 1177 2981 quod
1192 2912 1323 2966 meritum
1342 2913 1371 2966 et
1383 2911 1553 2969 immunitas

374 2985 433 3040 illis
458 2987 572 3040 decreta
595 2989 624 3040 et
654 2986 731 3040 locus
755 2984 980 3054 spectaculorum
1002 2985 1031 3039 in
1055 2985 1154 3038 senatu
1177 2983 1260 3038 datus
1284 2984 1313 3037 et
1335 2982 1433 3037 foedus
1462 3001 1554 3054 aequo

375 3058 435 3110 iure
463 3058 644 3126 percussum!
692 3056 832 3110 Nimirum
859 3056 993 3124 intellege
1020 3056 1141 3125 ‘(urbem
1168 3055 1335 3124 Romanam)
1358 3053 1554 3111 Massilienses

374 3127 487 3197 publico
502 3145 641 3182 munere
660 3128 802 3196 prosecuti
816 3128 901 3181 sunt'.
926 3126 1063 3196 Prosequi
1077 3125 1201 3195 aliquem
1215 3124 1359 3194 beneficio,
1378 3124 1556 3183 liberalitate

377 3198 577 3252 usitatissimae
597 3201 661 3253 sunt
679 3199 842 3253 locutiones.
882 3199 1004 3252 ‘Munus’
1026 3201 1121 3252 autem
1140 3201 1169 3252 et
1189 3197 1293 3251 ‘funus’
1316 3214 1398 3266 saepe
1417 3197 1451 3251 in
1473 3201 1548 3254 codd

375 3271 468 3323 locum
489 3271 641 3336 mutavere,
661 3269 694 3324 cf.
715 3269 839 3325 Frontin.
859 3271 938 3324 strat.
958 3269 978 3324 I.
999 3275 1040 3324 12.
1060 3273 1076 3322 5
1094 3270 1197 3324 Lucan.
1217 3268 1290 3322 VIII.
1309 3274 1369 3322 ⁷41.

464 3342 491 3410 3)
498 3341 560 3395 vide
571 3360 595 3410 p.
605 3347 664 3396 325.
681 3341 788 3396 Notatu
799 3341 914 3410 dignum
925 3341 1115 3395 esthcminem
1126 3338 1325 3408 municipalem
1333 3339 1555 3408 publicofuners

378 3411 519 3481 sepultum
539 3428 599 3467 esse
614 3413 719 3466 Romae
740 3412 793 3483 ‘[in
808 3429 907 3481 campo
922 3412 1037 3483 Ma]rtio
1052 3411 1191 3482 Caesa[ris
1206 3411 1440 3482 indulgentia?]’‚
1464 3415 1491 3468 si
1509 3417 1556 3469 ho·

375 3485 452 3537 recte
466 3481 642 3537 concluditur
657 3501 690 3537 ex
706 3482 845 3553 fragmine
859 3484 962 3552 lapidis
977 3483 1005 3537 C.
1016 3483 1036 3536 I.
1047 3481 1076 3538 L.
1088 3484 1133 3539 lX.
1149 3488 1227 3551 5291,
1248 3483 1324 3551 quod
1343 3484 1387 3537 est
1403 3483 1556 3542 fastorum.

301 3591 306 3603 .
374 3573 430 3609 non
450 3555 525 3624 cippi
543 3555 588 3609 vel
607 3554 690 3610 basis.
711 3555 745 3609 cf.
764 3575 791 3625 p.
811 3560 872 3610 358.

465 3629 493 3695 4)
516 3626 627 3681 Hieron.
656 3627 693 3679 ad
720 3625 822 3681 Euseb.
850 3627 943 3681 chron.
969 3643 993 3680 a.
1019 3625 1085 3680 Abr.
1113 3632 1181 3680 1914
1205 3625 1246 3681 Ὃ.
1271 3627 1374 3680 Lucius
1397 3627 1556 3684 satirarum

377 3697 496 3768 scriptor
514 3697 634 3767 Neapoli
652 3698 769 3754 moritur
788 3715 821 3753 ac
839 3696 953 3766 publico
977 3697 1073 3752 funere
1093 3697 1205 3752 effertur
1224 3714 1297 3751 anno
1317 3697 1419 3752 aetatis
1439 3699 1555 3754 XLVl'.

378 3769 431 3822 Vix
451 3772 493 3823 est
511 3769 624 3822 dubium
649 3770 716 3837 quin
737 3769 922 3838 Hieronymus
944 3770 1018 3824 hanc
1036 3767 1168 3824 notitiam
1192 3768 1344 3839 sumpserit
1366 3785 1400 3822 ex
1420 3769 1556 3828 Suetonii

376 3840 448 3895 libro
469 3841 502 3894 de
521 3841 620 3910 poetis.
657 3840 749 3908 Atque
768 3858 821 3912 ego
841 3840 953 3910 quidem
973 3840 1132 3909 addendum
1150 3843 1219 3910 puto
1238 3839 1364 3910 potuisse
1384 3841 1556 3898 Suetonium

376 3911 421 3965 vel
448 3911 648 3980 Hieronymum
674 3912 832 3982 longiorem
860 3910 1077 3981 descriptionem
1109 3913 1163 3967 hoc
1191 3913 1275 3966 verbo
1309 3913 1408 3982 postea
1435 3914 1556 3970 demum

376 3981 504 4037 technico
528 3984 604 4039 facto
628 3982 808 4039 contraxisse.
845 3983 916 4038 Item
938 3981 1048 4039 iudicat
1070 3983 1256 4038 Buechelerus
1281 3984 1330 4053 qui
1352 4001 1409 4038 non
1433 3985 1556 4042 dubium

376 4055 459 4123 putat
477 4071 537 4109 esse
556 4055 623 4123 quin
638 4055 787 4110 Suetonius
802 4072 819 4109 a
834 4055 992 4109 Romanis
1011 4055 1123 4124 publice
1143 4057 1248 4110 elatum
1261 4054 1402 4111 Lucilium
1416 4072 1484 4113 esse
1500 4061 1557 4114 trs-

376 4124 489 4191 diderit,
508 4127 540 4178 ut
553 4127 643 4180 virum
658 4126 692 4180 de
712 4126 793 4181 rebus
811 4125 969 4195 litterisque
987 4126 1121 4180 Romanis
1138 4127 1349 4182 meritissimum
1368 4127 1557 4188 describeret

377 4200 406 4251 et
420 4199 516 4251 censet
529 4196 692 4264 Hieronymi
706 4198 792 4252 verba
806 4215 866 4252 esse
880 4196 1104 4266 interpretanda:
1125 4197 1258 4268 ‘Neapoli
1276 4197 1413 4268 moritur‚’
1429 4201 1558 4258 Romam

376 4269 495 4322 tralatus
514 4267 639 4336 ‘publico
658 4269 754 4322 sunere
773 4269 908 4324 effertur’.

466 4343 494 4408 5)
513 4338 602 4393 Tituli
620 4342 685 4393 sunt
702 4338 731 4395 Ο,
751 4339 771 4395 Ι.
791 4341 822 4394 L.
841 4339 873 4393 ΙΙ.
894 4344 962 4394 3251
983 4341 1012 4395 et
1030 4346 1099 4396 3252
1123 4340 1318 4397 Baesuccitani
1336 4342 1411 4412 (vide
1429 4361 1462 4412 p.
1484 4351 1557 4416 360)

377 4409 475 4463 Eidem
495 4409 589 4464 iuveni
608 4413 717 4464 mortuo
737 4411 853 4480 uterque
871 4411 979 4481 positus
999 4414 1043 4466 est
1055 4413 1206 4484 inscriptus
1224 4413 1254 4466 in
1273 4412 1334 4467 basi
1350 4414 1423 4468 alter
1438 4417 1558 4474 statuae

377 4497 394 4534 a
412 4481 566 4551 municipio
582 4483 782 4536 Baesuccitano
803 4482 875 4537 alter
891 4485 1002 4538 statuae
1016 4501 1034 4538 a
1047 4484 1200 4555 municipio
1215 4483 1393 4542 Laminitano
1410 4484 1558 4549 decrerat.
