3128 5352
348 349 390 403 De
408 348 505 403 funere
524 348 637 418 publico
656 349 852 402 Romanorum.
903 333 906 340 Δ
1121 346 1186 410 331

34 520 252 592 exsequerentur
279 517 439 579 decretum.
480 519 520 576 Hi
542 537 596 594 per
618 518 794 593 quaestores
802 509 826 598 1)
854 516 951 576 officio
978 517 1189 592 fungebantur.

32 605 199 675 Quaestores
219 607 308 666 funus
328 608 470 668 locabant
488 609 686 683 sumptusque
700 625 737 666 ex
751 607 866 666 aerario
882 606 1045 665 solvebant.
1078 605 1189 665 Locato

31 696 126 754 funere
143 695 240 755 officia
258 697 378 773 singula
395 700 430 757 ut
448 697 479 756 in
497 698 623 772 privatis
642 696 797 754 funeribus
817 697 854 754 ab
879 695 916 754 iis
939 695 1190 771 perpetrabantur

30 786 76 861 qui
94 785 248 844 Libitinam
269 785 454 845 exercebant.
492 786 730 845 Consentaneum
750 786 850 844 estut
868 785 975 843 funera
992 784 1111 859 privata
1129 803 1190 841 am·

29 875 118 948 pliora
135 874 174 933 sic
192 875 313 951 publica
332 893 449 951 semper
467 875 579 934 indicta
598 867 706 954 esse.2)
744 874 806 932 Nec
825 875 923 932 minus
942 873 1006 933 veri
1029 873 1125 931 simile
1144 875 1192 930 est

30 963 57 1020 in
76 963 224 1024 funeribus
252 964 380 1039 publicis
404 966 553 1024 interdum
577 963 664 1022 ludos
689 964 775 1022 datos
799 953 906 1043 esse.³)
947 961 1044 1020 Utin
1066 961 1190 1036 privatis

28 1053 172 1112 funeribus
191 1055 242 1128 qui
260 1055 352 1112 funus
372 1055 443 1113 fecit
462 1055 553 1113 etiam
571 1053 656 1112 ludos
676 1052 760 1128 feeit,
785 1053 827 1110 sic
846 1054 934 1127 pubes
955 1069 1019 1109 rem
1041 1050 1191 1126 publicam

28 1162 92 1199 cum
109 1143 193 1201 funus
213 1143 327 1202 locaret
346 1143 437 1203 etiam
454 1143 541 1204 ludos
562 1143 683 1204 locasse.
721 1140 906 1220 Quamquam
925 1139 1135 1200 fontesnostri
1155 1139 1191 1198 de
1263 1175 1267 1182 ·

30 1233 80 1290 hac
98 1251 127 1290 re
144 1223 285 1312 neonus)

112 1404 135 1470 1)
152 1401 207 1456 Res
225 1420 275 1472 per
294 1419 323 1457 se
343 1403 519 1458 verisimilis
539 1404 736 1473 comprobatur
754 1403 822 1458 licet
840 1404 874 1458 de
893 1403 990 1458 funere
1014 1402 1088 1470 regis
1112 1419 1189 1472 pere-

25 1473 98 1542 grini
114 1472 203 1528 verbis
222 1474 283 1528 Val.
303 1475 376 1529 Max.
392 1475 426 1531 V.
442 1481 465 1530 1.
483 1481 496 1528 1
519 1476 664 1542 ‘(senatus)
684 1478 861 1544 quaestorem
877 1475 954 1529 misit
971 1473 1020 1543 qui
1034 1475 1189 1543 (Perseum)

25 1543 133 1613 publico
151 1545 247 1600 funere
263 1545 396 1602 efferret’.
412 1578 445 1586 —
461 1547 542 1613 Quod
555 1546 631 1601 idem
647 1546 691 1616 (V.
706 1552 731 1602 2,
749 1547 792 1617 10)
806 1545 876 1601 dicit
892 1545 941 1599 ‘M.
957 1545 1079 1601 Cornuto
1093 1561 1192 1614 prae-

24 1619 96 1670 tore
113 1615 193 1670 funus
212 1616 298 1671 Hirtii
317 1623 346 1673 et
363 1617 471 1673 Pansae
489 1617 567 1672 iussu
586 1619 698 1672 senatus
718 1618 852 1686 locante’,
872 1617 910 1672 M.
925 1617 1063 1672 Cornutus
1078 1622 1191 1686 praetor

23 1689 140 1742 urbanus
159 1687 235 1743 vices
253 1689 328 1758 gerit
346 1689 491 1744 consulum
511 1690 673 1745 occisorum.
710 1689 771 1744 Hoc
790 1689 948 1757 exemplum
968 1690 1044 1757 quod
1057 1687 1193 1757 probatur

23 1758 159 1813 Ciceronis
186 1761 327 1814 sententia
350 1762 384 1815 de
407 1762 588 1816 monumento
612 1777 755 1816 caesorum
782 1760 905 1814 militum
934 1760 1046 1829 publice
1074 1760 1192 1814 locando

23 1839 71 1895 (or.
99 1830 169 1884 Phil.
193 1830 266 1888 XIV.
290 1835 335 1901 37)
369 1833 456 1886 addas
489 1835 518 1887 et
545 1832 698 1888 secundum
725 1831 755 1886 id
784 1832 925 1901 compleas
954 1847 987 1885 ea
1018 1847 1089 1898 qnae
1122 1829 1193 1884 dixit

22 1903 205 1957 Mommsenns
229 1903 346 1958 Staatsr.
370 1904 401 1958 1³
424 1923 450 1973 p.
467 1908 527 1957 652.
548 1935 580 1942 -
602 1904 664 1958 Seu.
689 1904 724 1957 de
743 1905 852 1972 tranqu.
873 1920 916 1958 an.
934 1903 981 1956 XI.
999 1909 1031 1958 10
1055 1902 1192 1956 translate

21 1973 143 2042 loquitur
167 1991 230 2027 cum
257 1973 327 2030 dicit
352 1975 429 2029 ‘dum
454 1975 497 2029 illi
521 1975 705 2046 (Ptolemaeo)
729 1975 808 2029 heres
829 1974 905 2044 (imp.
927 1973 1023 2042 Gaius)
1048 1973 1191 2042 publicum

21 2046 103 2098 funus
126 2043 260 2099 esurienti
282 2045 380 2101 locat’.
417 2046 449 2100 In
473 2046 683 2102 narratiuncula
707 2045 879 2100 Suetoniana
898 2044 991 2115 (Vesp.
1009 2047 1055 2114 19)
1078 2046 1192 2113 quinam

20 2117 123 2240 fuerirlrit
138 2116 354 2241 ‘ppoouratores'
370 2116 475 2172 funeris
486 2117 660 2188 Vespasiani,
676 2133 739 2172 cnm
754 2117 855 2186 quihus
869 2117 970 2172 Pauori
984 2117 1069 2170 mimo
1079 2132 1124 2170 res
1139 2119 1190 2182 est,

20 2204 75 2240 nou
116 2203 190 2256 que.

109 2262 135 2326 2)
155 2257 277 2314 ‘Funere
301 2259 424 2314 indicto’
451 2261 526 2314 Suet.
545 2259 646 2317 Iu1.s4
671 2260 705 2314 de
729 2259 855 2315 Caesaris
880 2258 1017 2328 exsequiis
1043 2258 1076 2312 cf.
1097 2277 1124 2327 p.
1141 2263 1192 2312 325

19 2332 77 2384 not.
93 2333 118 2384 ὅ.
154 2329 260 2386 Praeco
279 2331 337 2399 ille,
357 2331 406 2401 qui
420 2330 533 2402 privata
546 2333 646 2385 funera
659 2331 794 2386 indictiva
807 2331 929 2386 formula
943 2329 1072 2385 sollemni
1088 2328 1192 2383 indice·

21 2403 79 2469 bat,
97 2401 208 2455 videtur
226 2402 300 2456 inter
317 2402 488 2457 libitinarios
506 2402 605 2471 fuisse,
631 2405 661 2457 at
678 2403 708 2456 in
726 2402 823 2457 funere
842 2402 954 2473 publico
974 2401 1095 2457 conicias
1114 2417 1192 2469 prae-

19 2489 118 2526 conem
137 2472 258 2528 consulis
277 2473 324 2528 rel
343 2472 466 2542 duoviri,
491 2473 536 2528 cui
554 2475 636 2529 funus
659 2474 810 2529 locandum
834 2478 906 2541 erat,
934 2473 1027 2529 officio
1050 2471 1193 2528 indicendi

17 2544 145 2598 functum
164 2560 234 2598 esse.

111 2617 139 2685 3)
157 2614 280 2670 Indictio
299 2618 394 2671 autem
412 2615 517 2670 funeris
536 2616 651 2671 minime
669 2618 705 2671 ad
720 2617 802 2672 ludos
819 2618 952 2686 pertinet.
985 2617 1032 2672 Nil
1047 2617 1105 2671 tale
1120 2616 1194 2671 inest

16 2687 45 2738 in
66 2686 188 2741 formula
202 2686 253 2758 illa
267 2686 386 2757 antiqua
399 2687 550 2758 indicendi,
563 2704 655 2757 neque
670 2705 723 2758 ego
738 2690 831 2742 locum
846 2687 901 2743 Cic.
917 2688 951 2743 dc
966 2689 1041 2760 legg.
1057 2688 1090 2742 Π.
1105 2694 1148 2742 24.
1160 2693 1191 2742 61

19 2757 156 2826 ‘Reliqua
174 2759 288 2812 suntin
307 2775 385 2813 more
403 2760 486 2814 funus
504 2762 537 2813 ut
553 2759 695 2814 indicatur
714 2758 738 2812 si
757 2759 826 2828 quid
853 2759 984 2814 ludorum
1008 2758 1193 2828 dominusque
1262 2764 1267 2770 “

15 2831 186 2898 (domusque
205 2829 279 2898 cod.)
297 2830 402 2885 funeris
422 2831 519 2885 utatur
533 2847 650 2886 accenso
666 2831 695 2885 et
708 2829 867 2886 lictoribus'
888 2832 964 2886 reete
979 2847 1039 2885 esse
1055 2829 1193 2884 traditum

15 2900 87 2954 mihi
106 2901 277 2969 persuadere
296 2917 417 2971 possum.
454 2900 494 2956 Ae
511 2903 678 2957 Mommseni
702 2903 863 2957 coniectura
882 2902 934 2970 (St.
949 2901 981 2958 n.
996 2900 1028 2953 l8
1046 2920 1073 2971 p.
1089 2907 1149 2956 391.
1166 2903 1193 2971 6)

14 2971 66 3039 qui
85 2971 159 3042 legit
174 2972 205 3026 ‘r.
222 2992 243 3027 s.
258 2971 276 3025 i.
292 2990 342 3027 m.:
362 2973 445 3026 funus
459 2978 492 3029 ut
506 2973 659 3042 indicatum
679 2973 703 3028 si
718 2975 786 3044 quid
799 2973 930 3028 ludorum
944 2973 1074 3028 dominus
1088 2973 1107 3028 f.
1123 2992 1148 3026 u.
1167 2990 1191 3027 a.

13 3047 44 3096 et
63 3044 95 3097 l.’
118 3044 355 3098 constructionem
379 3045 539 3114 corrumpit.
578 3045 695 3100 Sensum
718 3046 795 3100 recte
819 3043 980 3113 constituit3
1005 3061 1095 3113 neque
1119 3045 1193 3098 enim

12 3115 181 3169 conveniret
203 3115 346 3169 dominum
370 3115 475 3170 limeris
499 3117 597 3184 utique
621 3117 650 3170 in
674 3115 771 3172 funere
793 3117 897 3172 habere
922 3115 1028 3183 fasces,
1053 3133 1115 3169 oum
1138 3117 1195 3184 ipsi

11 3185 202 3254 magistratus
220 3185 250 3239 in
269 3186 348 3240 luctu
367 3188 547 3256 deponerent.
580 3185 618 3240 At
633 3187 657 3242 si
671 3188 732 3241 ludi
746 3187 829 3242 funus
844 3187 1032 3257 sequebantur
1046 3203 1116 3256 opus
1132 3189 1194 3240 erat

10 3260 47 3325 ci,
68 3255 121 3324 qui
141 3256 258 3312 edendis
276 3262 415 3326 praeerat,
433 3259 575 3327 potestate
590 3259 687 3327 aliqua
700 3259 768 3314 licet
781 3260 854 3314 fieta.
887 3258 947 3313 Nec
966 3256 1088 3327 cogitari
1100 3260 1195 3327 potest

10 3348 61 3382 cur
81 3328 168 3382 funus
187 3328 324 3382 indictum
343 3329 380 3384 sit
398 3330 422 3383 si
440 3329 502 3384 ludi
520 3334 621 3398 essent,
640 3330 663 3384 si
682 3329 752 3384 alias
770 3348 827 3386 non
842 3330 880 3385 sit
895 3330 1041 3386 indictum.
1076 3329 1194 3384 Accedit

9 3399 91 3467 quod
112 3399 174 3453 ludi
193 3400 339 3468 funebres,
364 3400 530 3470 quibuscum
553 3419 608 3456 non
632 3404 697 3455 sunt
719 3401 932 3456 confundendae
951 3400 1099 3470 pyrrichas
1119 3400 1194 3455 circa

8 3469 321 3610 :trtutr‘dthtl
336 3473 515 3598 ‘that‘
529 3473 1193 3614 feretrani.)f‘trtttttt.tttt

7 3614 205 3668 habebantur.
238 3611 316 3668 Festi
327 3587 408 3668 locus
423 3615 485 3684 (Qu.
500 3615 560 3669 XV.
575 3620 591 3669 8
607 3634 634 3684 p.
651 3621 709 3670 144.
725 3619 771 3686 24)
789 3587 1002 3684 ‘simpludiarea
1017 3615 1115 3669 funera
1130 3617 1194 3669 sunt

7 3684 119 3754 quibus
140 3683 310 3740 adhibentur
329 3687 477 3740 dumtaxat
494 3685 555 3740 ludi
570 3687 784 3756 corbitoresque.
812 3687 926 3757 quidam
941 3703 976 3742 ea
990 3686 1120 3740 dixerunt
1134 3704 1192 3741 esse

7 3756 117 3824 quibus
143 3757 274 3810 neutrum
301 3773 389 3824 genus
412 3755 562 3812 interesset
584 3758 722 3812 ludorum.
751 3775 816 3812 nam
839 3759 976 3812 indictiva
1003 3757 1067 3811 sunt
1093 3757 1193 3824 quibus

7 3826 191 3882 adhibentur
209 3844 265 3882 non
283 3827 342 3881 ludi
362 3829 445 3883 modo
465 3829 512 3882 sed
533 3828 619 3883 etiam
645 3829 801 3884 desultores
820 3847 892 3897 quae
912 3832 976 3883 sunt
999 3827 1193 3897 amplissima'‚
1304 3860 1306 3864 .

7 3902 79 3952 dum
100 3915 138 3952 ne
160 3896 321 3953 ‘indictiva’
343 3900 512 3954 vocabulum
530 3899 603 3954 falso
619 3900 656 3954 sit
666 3901 863 3970 interpositum
878 3919 912 3954 ex
926 3900 1104 3970 glossemate,
1128 3901 1193 3954 defi-

7 3971 155 4024 nitionem
176 3969 258 4024 huius
276 3970 356 4024 verbi
374 3971 424 4024 dat
441 3989 492 4040 per
510 3971 648 4039 accidens,
667 3972 771 4026 rectius
789 3972 839 4026 ille
858 3971 915 4026 alio
934 3971 997 4026 loco
1017 3970 1193 4026 ‘indictivom

7 4043 107 4110 funus,
129 4041 167 4094 ad
188 4041 264 4110 quod
283 4058 334 4110 per
351 4057 519 4111 praeconem
539 4043 750 4097 avocabantur’.
784 4041 924 4108 Ciceronis
943 4046 1038 4098 autem
1052 4045 1138 4098 verba
1153 4042 1193 4098 sic

7 4118 81 4182 puto
104 4127 170 4166 esse
190 4113 366 4168 emendanda
386 4113 507 4181 ‘reliqua
526 4114 637 4168 suntin
657 4130 743 4181 more,
761 4116 845 4169 funus
864 4117 896 4168 ut
910 4113 1051 4169 indicatur
1071 4113 1149 4188 (et),
1170 4115 1193 4167 si

7 4184 82 4253 quid
103 4183 248 4252 ludorum,
268 4183 396 4238 dominus
416 4183 487 4258 <qui
506 4184 569 4258 est)
588 4184 693 4239 funeris
712 4187 808 4240 utatur
831 4203 949 4241 accenso
973 4187 1001 4240 et
1024 4185 1192 4240 lictoribus'.

104 4256 135 4324 4)
156 4255 272 4323 ‘Ludos
287 4271 356 4324 quos
371 4255 475 4324 primos
490 4259 651 4312 consecrato
666 4255 760 4326 (Iulio)
776 4257 802 4311 ei
816 4258 913 4312 heres
923 4257 1068 4327 Augustus
1078 4257 1191 4311 edebat’

7 4328 102 4396 {Suet
130 4325 184 4381 Iul.
204 4329 250 4396 88)
276 4327 336 4395 ipse
361 4326 463 4382 Caesar
486 4327 589 4382 Veneri
611 4326 753 4383 Genetrici
776 4331 892 4384 voverat
915 4330 1002 4397 (Cass.
1027 4327 1079 4383 Dio
1098 4330 1192 4397 45.'1).

7 4399 77 4452 :³ost
97 4397 226 4468 Augusti
245 4397 483 4453 consecrationem
501 4400 631 4454 videntur
650 4401 680 4453 et
696 4398 810 4468 publice
835 4402 864 4455 et
881 4399 1015 4470 privatim
1040 4399 1101 4453 ludi
1124 4399 1195 4454 editi

7 4488 74 4524 csse.
120 4468 200 4524 Cass.
215 4468 268 4523 Dio
285 4474 327 4526 te.
343 4475 377 4524 46
398 4469 454 4524 ‘not
473 4471 500 4524 οἱ
512 4472 548 4525 τὰ
564 4473 613 4537 μὲν
628 4473 696 4525 ἄλλα
711 4473 801 4540 ὥςπερ
816 4471 905 4526 εἰώθει
920 4472 1057 4538 γίγνεεθαι
1072 4473 1193 4540 ἔπραξαν

23 4583 54 4596 ..
76 4584 82 4597 .
105 4544 197 4609 χωρὶς
215 4541 246 4596 δὲ
263 4543 376 4596 τούτων
395 4544 439 4595 καὶ
458 4546 476 4609 ἡ
495 4542 591 4597 broulo
615 4541 704 4597 ἰδίαν
730 4545 765 4611 δή
783 4562 846 4597 τινα
870 4547 946 4614 αὐτῷ
970 4545 1125 4612 πανήγυριν
1149 4545 1193 4598 ἐπὶ
