3156 5362
335 292 401 355 344
763 287 921 344 Fridericus
941 288 1077 344 Vollmer:

342 461 507 520 (lutherius
535 459 733 535 Nipperdeius
761 458 913 518 Beckerus
945 457 1161 532 intellegebant
1193 458 1283 516 funus
1310 457 1469 533 publicum
1498 476 1519 514 a

344 569 465 610 censore
484 551 623 609 locatum.
631 540 656 628 ¹)
694 547 776 618 Quae
796 546 945 606 sententia
964 566 1030 606 cunr
1049 565 1084 605 eo
1102 549 1219 622 pugnat
1241 547 1320 621 quod
1340 546 1450 606 scimus
1472 546 1519 603 fu-

340 658 397 699 nus
415 638 568 714 publicum
581 657 635 714 per
649 637 785 697 eonsules
799 636 848 697 vel
862 636 1002 697 duoviros
1016 636 1147 694 locatum
1166 628 1271 714 esse.²)
1308 636 1399 695 Recte
1417 635 1521 712 igitur

339 727 564 805 Marquardtius
579 731 610 786 et
623 727 824 787 Mommsenus
840 729 871 784 et
885 729 954 784 ante
970 743 1019 786 eos
1034 725 1096 784 iam
1110 725 1229 801 Lipsius
1244 727 1409 801 posuerunt
1422 725 1521 783 funus

340 819 454 878 dictum
468 835 533 877 esse
543 817 709 877 censorium
723 817 754 876 in
769 835 827 894 quo
844 834 950 890 eorpus
961 815 1009 876 vel
1023 815 1123 891 imago
1138 817 1211 891 toga
1225 805 1391 892 censoria3)
1407 815 1522 873 ornata

341 912 429 969 esset.
466 907 583 968 Nomen
603 907 723 967 videtur
741 907 809 964 inde
829 905 867 963 ab
886 905 1033 981 Augusto,
1053 903 1105 980 qui
1124 904 1237 980 etipse
1256 905 1360 964 funere
1378 905 1522 964 censorio

341 999 438 1058 elatus
457 988 545 1078 est4),
562 999 594 1056 in
612 996 789 1072 censuisse,
808 997 881 1070 puto
900 994 980 1072 quod
998 993 1155 1070 Augustus
1174 994 1205 1052 in
1230 993 1332 1052 libello
1352 994 1388 1053 de
1406 993 1522 1052 funere

341 1093 414 1147 haee
432 1090 607 1147 ornamenta
632 1087 834 1162 praeceperat.
871 1084 1023 1144 Honorem
1046 1084 1084 1142 ab
1104 1083 1244 1159 Augusto
1269 1077 1371 1142 domui
1395 1082 1523 1142 divinae

342 1168 558 1256 destinatuml')
578 1176 716 1234 Tiberius
736 1174 865 1250 partitus
885 1176 932 1233 est
949 1192 1017 1232 cum
1029 1172 1145 1231 Lucilio
1160 1172 1275 1251 Longo,
1299 1191 1375 1232 novo
1394 1172 1524 1231 homine

342 1270 374 1324 at
394 1261 539 1346 ‘omnium
555 1266 601 1323 illi
619 1264 753 1324 tristium
777 1265 983 1338 laetorumque
1004 1255 1103 1340 socio'‚
1127 1262 1234 1322 deinde
1258 1262 1309 1321 alii
1331 1261 1446 1338 privati
1471 1279 1524 1321 ac-

342 1374 455 1432 cepere.
492 1355 556 1414 Nec
570 1354 644 1413 mihi
658 1354 782 1413 dubium
802 1355 848 1412 est
866 1353 939 1428 quin
956 1351 1077 1411 nomine
1091 1353 1218 1426 tantum,
1237 1371 1297 1412 non
1315 1370 1348 1410 re
1362 1353 1416 1410 aut
1429 1370 1525 1410 orna-

344 1447 451 1504 mentis
476 1445 627 1504 diversum
654 1443 746 1502 fuerit
773 1443 864 1502 funus
892 1432 1179 1523 ‘imperatorium'⁶)
1210 1442 1241 1500 et
1266 1435 1459 1501 ‘censorium'
1491 1446 1529 1500 et

342 1525 523 1614 ‘regium’⁷)‚
547 1553 623 1609 quae
643 1533 742 1592 omnia
760 1534 852 1592 verba
870 1533 907 1591 de
926 1531 1140 1607 imperatorum
1161 1531 1308 1607 exsequiis
1333 1531 1413 1590 dicta
1437 1534 1528 1593 sunt.

342 1623 477 1700 Oogitari
495 1625 596 1700 potest
613 1624 673 1683 iam
692 1622 877 1699 temporibus
901 1621 1013 1680 liberae
1039 1621 1084 1680 rei
1102 1620 1239 1696 publicae
1262 1621 1354 1680 funus
1378 1620 1441 1681 sive
1465 1622 1529 1698 pri·

342 1717 447 1775 vatum
463 1713 527 1772 sive
546 1713 701 1788 publicum
721 1713 759 1772 ab
778 1712 960 1772 ornamentis
985 1715 1016 1770 et
1034 1710 1164 1770 fascibus
1190 1710 1303 1770 mortui
1321 1711 1434 1770 dictum
1457 1730 1531 1771 esse

343 1804 498 1862 consulare
507 1804 692 1878 praetorium
702 1801 877 1878 censorium,
891 1801 963 1860 lieet
973 1800 1062 1860 buius
1075 1799 1119 1859 rei
1130 1801 1266 1877 exempla
1280 1819 1337 1859 non
1353 1793 1529 1881 exstent³);

343 1895 423 1952 certe
442 1911 515 1951 aevo
535 1892 726 1967 imperatorio
751 1891 855 1949 ubiubi
880 1889 1010 1949 occurrit
1035 1884 1135 1948 ‘funus
1162 1883 1340 1949 censorium’
1365 1891 1408 1948 nil
1436 1891 1529 1949 aliud

241 2120 243 2124 .
344 2081 464 2151 pecunia
487 2082 580 2150 patres
605 2079 773 2134 decrevere’.
817 2077 863 2134 VI.
888 2084 922 2132 27
948 2078 1084 2132 ‘extremo
1109 2077 1175 2132 anni
1202 2094 1277 2132 mors
1306 2077 1381 2132 Aelii
1403 2077 1533 2133 Lamiae

344 2154 441 2207 funere
461 2150 588 2207 censorio
607 2151 759 2205 celebrate’
780 2149 855 2204 XIII.
875 2155 890 2204 2
912 2149 1030 2204 ‘decreti
1049 2151 1078 2203 et
1096 2165 1114 2203 a
1133 2150 1229 2204 senatu
1252 2149 1308 2204 duo
1327 2149 1451 2218 lictores,
1478 2150 1534 2205 fla-

345 2225 467 2279 monium
487 2221 641 2290 Claudiale,
667 2223 751 2276 simul
770 2221 887 2277 Claudio
907 2221 1063 2276 censorium
1081 2221 1164 2275 funus
1183 2221 1212 2275 et
1235 2237 1299 2274 mcx
1323 2221 1533 2277 consecratio’.

345 2297 416 2350 Hist.
443 2296 488 2350 IV.
512 2301 546 2348 4‘1
573 2293 722 2361 ‘turiusque
746 2293 901 2347 censorium
925 2292 1023 2346 Flavio
1050 2291 1153 2347 Sabino
1182 2291 1309 2345 ductum'
1335 2292 1381 2362 (cf.
1402 2311 1428 2362 p.
1452 2298 1533 2363 356).

345 2367 396 2422 Iul.
422 2365 542 2436 Capitol.
571 2365 643 2420 Pert.
674 2370 707 2420 15
738 2364 831 2418 ‘funus
863 2362 1063 2432 imaginarium
1096 2363 1122 2418 ei
1155 2365 1184 2418 et
1216 2363 1373 2418 censorium
1406 2365 1535 2420 ductum

345 2441 389 2494 est
421 2440 451 2492 et
482 2438 517 2491 ab
554 2436 616 2506 ipso
649 2437 751 2491 Severo
788 2435 899 2491 funebri
935 2434 1098 2490 laudatione
1135 2436 1249 2488 ornatus
1287 2435 1341 2490 est’
1380 2435 1534 2505 Spartian.

347 2511 440 2566 Seuer.
460 2516 475 2564 7
497 2509 590 2606 ‘funus
610 2507 710 2562 deinde
730 2506 884 2562 censorium
903 2506 1057 2561 Pertinacis
1076 2506 1194 2576 imagini
1212 2505 1292 2560 duxit
1311 2523 1430 2575 eumque
1453 2506 1537 2562 inter

345 2582 425 2636 divos
444 2579 586 2635 sacravit.

441 2673 466 2740 1)
485 2669 518 2723 ln
537 2669 654 2724 eandem
673 2669 841 2722 sententiam
861 2642 979 2722 reccidit
993 2665 1081 2720 Bloch
1101 2667 1134 2721 de
1155 2666 1275 2721 decretis
1290 2665 1453 2722 functorum
1472 2688 1536 2725 ma·

331 2743 517 2812 gistratuum
537 2741 709 2796 ornamentis
728 2738 842 2794 Parisiis
863 2743 930 2811 1833
950 2755 977 2807 p.
998 2742 1111 2792 35-39.

434 2817 461 2883 2)
481 2814 515 2867 cf.
535 2829 618 2881 supra
636 2831 663 2881 p.
683 2817 744 2866 330.

437 2906 463 2972 3)
483 2918 555 2970 quae
574 2901 604 2954 in
622 2902 718 2956 funere
737 2901 799 2954 erat
816 2915 966 2968 pmpurea,
986 2900 1020 2957 cf.
1034 2897 1192 2954 Mommsen
1207 2898 1247 2954 St.
1264 2899 1296 2954 It.
1311 2899 1337 2952 I8
1352 2918 1378 2969 p.
1393 2907 1448 2954 411
1467 2921 1539 2958 cum

348 2977 406 3030 not.
421 2980 437 3028 3
452 2993 479 3043 p.
494 2979 545 3027 441
565 2975 623 3028 not.
642 2979 667 3026 4.
696 2971 801 3037 Quodsi
816 2970 947 3026 Blochius
966 2972 985 3026 l.
1004 2971 1022 3026 l.
1039 2969 1156 3025 offendit
1173 2971 1203 3025 in
1222 2986 1255 3025 eo
1276 2972 1350 3038 quod
1370 2971 1539 3030 Pertinacis

348 3049 441 3116 imago
457 3046 502 3114 (de
517 3045 570 3099 hoc
584 3045 643 3099 solo
659 3044 755 3097 funere
768 3045 863 3112 potest
877 3043 937 3111 agi;
956 3040 1094 3111 Augustei
1108 3041 1325 3111 descriptionem
1339 3060 1357 3098 a
1370 3043 1467 3104 Dione
1484 3047 1538 3102 da·

348 3121 407 3173 tam
423 3135 455 3171 ac
475 3118 569 3171 fictam
585 3132 645 3169 esse
660 3114 696 3170 ad
710 3113 866 3169 Pertinacis
886 3131 969 3182 supra
983 3113 1152 3183 monuimus)
1171 3115 1244 3168 teste
1259 3113 1348 3168 Dione
1367 3115 1416 3183 qui
1434 3116 1540 3172 funeri

349 3191 455 3255 aderat,
476 3194 556 3256 εκευῇ
577 3186 699 3256 ἐπινικίῳ
719 3187 817 3241 ornata
836 3188 904 3255 erat,
924 3187 1110 3255 reputandum
1129 3188 1172 3240 est
1191 3201 1333 3240 censorem
1352 3189 1381 3239 et
1399 3190 1541 3245 censoria

349 3260 472 3330 insignia
497 3276 530 3314 eo
553 3260 680 3327 tempore
703 3257 757 3311 nisi
780 3273 814 3310 ex
836 3256 980 3311 funeribus
1003 3273 1059 3311 non
1082 3261 1151 3312 nota
1173 3255 1265 3312 fuisse.
1307 3256 1427 3312 Accedit
1455 3263 1541 3328 quod

349 3331 403 3387 Dio
427 3349 485 3386 rem
510 3329 601 3385 obiter
623 3328 729 3400 tangit3
759 3331 833 3384 certe
863 3329 922 3383 eius
941 3327 1134 3383 testimonium
1163 3327 1261 3396 nequit
1285 3344 1417 3396 quassare
1442 3331 1540 3386 fidem

349 3403 460 3472 Polybii
479 3401 525 3456 Vl.
545 3406 587 3470 53,
608 3399 657 3468 qui
675 3402 736 3471 ipsa
755 3399 917 3455 discrimina
935 3399 1046 3470 pungit.

438 3494 466 3561 4)
486 3506 616 3559 compara
634 3489 698 3545 Tac.
719 3508 782 3545 ann.
801 3490 861 3544 XII.
882 3497 914 3545 69
935 3493 963 3544 et
981 3489 1054 3544 XIII.
1073 3495 1097 3545 2.

443 3584 469 3645 ὅ)
489 3581 609 3649 Augusti
627 3581 679 3634 filii
693 3580 824 3635 videntur
843 3598 876 3636 eo
895 3579 1026 3636 honorati
1041 3595 1109 3647 esse,
1129 3579 1162 3632 cf.
1184 3577 1420 3634 clavistis
1444 3582 1496 3649 (=
1522 3585 1541 3637 l.

351 3673 378 3723 p.
399 3654 462 3722 286)
483 3651 614 3706 ‘mortem
633 3653 691 3706 eius
711 3653 766 3721 (L.)
784 3652 892 3707 iustitio
912 3669 961 3720 per
981 3651 1120 3721 con[sules
1140 3649 1260 3720 indicto]
1276 3666 1372 3704 omnes
1386 3649 1541 3709 luxerunt.

351 3725 497 3794 censu[rae
513 3766 536 3780 ..
549 3763 554 3775 .
567 3763 574 3777 .
589 3724 633 3805 est
652 3724 781 3847 (imaposs
795 3723 952 3792 insignibus
972 3723 1104 3778 decorata
1119 3721 1196 3792 cu[m
1217 3721 1398 3792 efferretur]'.
1427 3721 1459 3776 Is
1476 3726 1542 3781 fore

350 3799 411 3851 erat
430 3810 526 3850 sensus
546 3794 631 3864 elogn
651 3796 720 3849 mutr
733 3813 751 3851 1.

440 3884 467 3953 6)
491 3883 629 3952 Sparticn.
655 3884 705 3940 vit.
733 3884 792 3940 Ael.
818 3883 884 3938 Veri
908 3891 923 3938 6
948 3883 1060 3938 ‘Lucius
1090 3881 1220 3936 Ceionius
1244 3879 1413 3937 Commodus
1438 3883 1543 3942 Verus

351 3955 448 4010 Aelius
468 3955 570 4010 Caesar
590 3953 750 4026 ....periit
768 3954 947 4025 sepultusque
967 3957 1011 4010 cst
1028 3953 1211 4024 imperatorio
1230 3954 1327 4008 funere
1342 3971 1432 4022 neque
1456 3960 1544 4026 quic-

351 4028 489 4098 quamde
507 4028 587 4096 regia
600 4026 661 4082 nisi
679 4026 776 4081 mortis
795 4025 895 4080 habuit
913 4025 1103 4094 dignitatem’.

442 4115 537 4184 ⁵1)Iul.
559 4116 678 4185 Capitol.
703 4117 751 4173 vit.
770 4115 890 4169 Maont
916 4113 1072 4169 ‘mandarit
1095 4114 1221 4186 collegae
1244 4115 1348 4169 dudum
1373 4134 1425 4171 suo
1452 4137 1544 4187 prae-

353 4189 426 4244 fecto
446 4187 586 4258 praetorio
605 4190 637 4242 ut
655 4206 755 4242 munus
774 4204 853 4241 suum
874 4188 984 4242 curaret
1002 4203 1035 4240 ac
1053 4186 1202 4256 praecipue
1216 4185 1391 4241 Antoninum
1409 4189 1545 4246 honora

353 4260 447 4315 bibter
471 4259 603 4329 sepeliret
626 4260 710 4313 ducto
733 4259 829 4313 funere
853 4257 953 4327 regio’.
996 4260 1087 4312 Amm.
1111 4256 1236 4312 Marcell.
1259 4263 1303 4313 21.
1328 4264 1370 4313 16.
1397 4265 1432 4314 60
1457 4263 1544 4319 ‘cum

353 4332 432 4401 regia
451 4332 567 4402 pompa’
588 4330 757 4400 (Constantii
775 4331 876 4398 funus).
1157 4364 1159 4368 .

441 4423 469 4488 8)
491 4418 590 4474 Florus
609 4419 696 4473 utitur
714 4420 733 4474 l.
753 4419 771 4472 l.
789 4437 816 4486 p.
836 4424 887 4473 323
912 4421 968 4474 not.
990 4425 1005 4472 2
1025 4419 1117 4474 verbis
1139 4418 1339 4488 ‘imperatoriis
1359 4423 1545 4492 exsequiis’;

353 4490 495 4560 significat
512 4491 585 4544 nibil
603 4490 656 4544 nisi
675 4489 848 4560 amplissima
867 4489 973 4544 funera.
