3156 5362
345 331 410 395 346
776 331 930 388 Fridericus
948 332 1086 388 Vollmer:

344 496 498 563 tanguntur·
516 494 545 548 in
565 493 647 564 Digg.
668 495 713 548 XI.
733 497 792 559 137
821 494 868 548 ‘de
887 492 1028 562 religiosis
1054 495 1083 548 et
1105 492 1263 561 sumptibus
1287 493 1415 546 funerum
1437 494 1470 546 et
1493 493 1527 545 ut

350 567 432 620 funus
453 565 553 620 ducere
571 565 666 620 liceat’
688 566 724 619 ad
742 564 829 620 libros
848 565 961 635 Ulpiani
980 564 1061 619 Pauli
1084 565 1132 618 ‘ad
1151 564 1285 619 edictum’
1307 562 1358 618 Gai
1379 562 1426 617 ‘ad
1447 564 1526 617 edic·
1576 609 1577 612 ,

345 641 406 691 tum
434 635 627 706 provinciale'‚
656 654 719 690 cum
749 637 835 691 edicti
864 635 994 708 perpetui
1027 635 1102 691 iussa
1134 637 1168 690 de
1201 635 1358 702 sumptibus
1391 635 1526 688 funerum
1576 653 1577 658 ¹

345 709 476 778 (Rudorff
491 726 517 776 p.
535 711 599 778 100)
617 709 735 763 redeant
753 710 788 762 ad
803 710 969 778 praetorem.
999 707 1067 761 Oum
1082 707 1175 762 edicto
1191 706 1321 761 aedilicio
1336 707 1388 761 boe
1403 707 1526 774 antiquo

344 779 475 834 videntur
493 782 593 848 postea
612 780 806 850 conglutinata
832 795 892 834 esse
915 780 1067 849 praecepta
1090 780 1184 847 legum
1209 777 1444 847 sumptuariarum
1471 777 1525 830 im·
1576 803 1577 806 ¹

343 850 441 921 primis
460 851 604 906 Corneliae
628 852 673 920 (of.
694 850 732 907 M.
750 850 845 921 Voigt‚
871 851 932 906 Ber.
957 851 982 904 d.
1009 851 1101 905 Stchs.
1126 849 1279 904 Gesellsch.
1300 851 1326 904 d.
1346 847 1428 904 Wiss.
1452 855 1526 902 1890

350 941 377 992 p.
393 928 446 976 244
456 926 533 991 sqq),
553 922 670 977 sirecte
690 923 802 977 Tacitus
821 922 883 977 loco
903 921 1084 978 celeberrimo
1104 921 1161 990 (Ill.
1182 927 1226 986 52)
1249 921 1335 976 refert
1355 921 1429 974 ‘nam
1452 919 1527 974 inci·
1577 958 1578 963 .

346 993 443 1062 pionte
463 995 492 1048 C.
512 993 612 1048 Bibulo
632 994 718 1048 ceteri
736 1012 847 1063 quoque
866 994 971 1048 aediles
991 993 1181 1048 disseruere-nt
1204 991 1297 1061 sperni
1316 992 1526 1060 sumptuariam
1576 1015 1577 1020 ¹

347 1066 462 1134 legem’.
500 1063 640 1120 Ciceronis
658 1066 735 1120 locus
755 1066 859 1134 dequo
878 1066 988 1132 agimus
1007 1064 1107 1120 suadet
1125 1068 1157 1119 ut
1171 1064 1370 1119 concludamus
1384 1062 1528 1118 aedilium

347 1137 434 1192 fuisse
453 1136 496 1191 ius
516 1140 545 1191 et
563 1137 686 1192 officium
704 1138 732 1191 in
752 1137 879 1192 funerum
899 1137 1040 1206 impensas
1054 1136 1194 1204 inquirere
1214 1139 1242 1190 et
1255 1151 1362 1206 pompa
1375 1152 1410 1189 ne
1425 1135 1527 1204 splen-

345 1207 437 1263 didior
461 1207 540 1263 licito
564 1209 644 1264 fieret
665 1225 778 1277 operam
803 1209 879 1264 dare.
916 1209 1086 1263 Particulam
1112 1207 1251 1276 quandam
1276 1206 1361 1261 edicti
1383 1207 1469 1262 buius
1493 1207 1527 1260 in

343 1281 436 1334 mente
457 1279 545 1335 habet
564 1279 679 1334 Ovidius
699 1297 761 1334 cum
781 1279 880 1336 scribit
897 1279 1110 1350 (turtureus)
1130 1278 1215 1332 ‘adde
1234 1278 1309 1345 quod
1324 1276 1424 1332 aedilis
1440 1294 1526 1346 pom·

344 1369 409 1419 pam
432 1350 481 1420 qui
505 1350 610 1405 funeris
633 1351 706 1406 irent
729 1351 849 1407 artifices
872 1351 946 1406 solos
977 1352 1098 1406 iusserat
1121 1368 1179 1404 esse
1203 1349 1323 1405 decem’.
1365 1349 1407 1402 Ad
1431 1349 1527 1404 aliam

344 1425 452 1491 partem
467 1424 596 1491 spectent
609 1423 696 1477 verba
709 1423 784 1476 basis
798 1440 884 1492 prope
894 1423 1043 1493 pyramide
1053 1422 1212 1477 Cestianam
1221 1422 1349 1490 repertae
1359 1419 1527 1487 (ulmal.

345 1497 424 1562 1357)
445 1493 491 1547 ‘ex
509 1494 670 1548 venditione
689 1495 906 1563 Attalicor(um)‚
931 1511 1003 1563 quae
1027 1495 1067 1550 eis
1086 1511 1136 1563 per
1154 1491 1277 1547 edictum
1296 1490 1398 1546 aedllie
1421 1492 1454 1546 in
1480 1510 1527 1546 se·

342 1566 469 1634 pulcrum
489 1564 517 1619 C.
533 1564 609 1619 Cesti
623 1582 656 1618 ex
670 1567 839 1620 testamento
855 1566 914 1620 eirrs
928 1566 1030 1620 inferre
1044 1582 1099 1620 non
1113 1564 1205 1619 licuit’
1222 1566 1251 1619 et
1265 1564 1300 1617 ad
1315 1561 1402 1617 aliurn
1416 1562 1528 1634 cippus

343 1635 465 1690 urbanus
485 1635 565 1704 ((1.1.
585 1635 613 1689 L.
634 1635 679 1690 VI.
701 1639 798 1706 12380)
819 1636 860 1690 ‘in
878 1638 932 1692 hoc
949 1639 1131 1692 monumento
1150 1636 1209 1691 sive
1229 1635 1379 1704 sepulc(ro)
1394 1639 1529 1706 corp(ns)

343 1724 394 1775 per
421 1707 547 1775 aedilles)
576 1707 677 1762 inferre
705 1707 824 1762 licebit'.
861 1707 976 1763 Alienus
1004 1709 1039 1763 ab
1069 1709 1160 1763 edicto
1189 1706 1323 1762 aedilium
1350 1709 1394 1762 est
1417 1707 1529 1761 titulus

343 1775 371 1830 G.
393 1777 414 1832 I.
442 1779 472 1833 L.
497 1778 543 1832 VI.
570 1784 637 1833 1948
663 1779 705 1845 ‘Q
729 1779 862 1834 Haterius
887 1778 917 1844 1).
938 1781 955 1834 l.
981 1779 1142 1850 Olympicus
1167 1777 1335 1848 appar(itor)
1358 1776 1530 1848 aedil(ium)

343 1849 481 1918 permissu
514 1849 568 1904 coll
601 1853 734 1920 gaqum)
766 1850 899 1906 Haterius
933 1852 963 1918 Q.
992 1852 1011 1906 l.
1045 1853 1194 1908 successae
1226 1849 1339 1918 coniugi
1370 1849 1530 1919 piissimae

343 1921 436 1990 v(ixit)
451 1920 555 1989 a(nuis)
571 1851 712 1976 ί1111161111
728 1923 757 1976 et
775 1921 830 1976 eibi
849 1922 919 1976 ollas
939 1924 1028 1978 duae'.
1056 1924 1153 1977 Partes
1172 1921 1259 1978 edicti
1273 1920 1406 1976 aedilium
1420 1921 1529 1978 viden-

342 1993 388 2045 tur
406 1994 536 2061 receptae
552 2009 613 2047 esse
627 1992 655 2046 in
674 1992 752 2062 leges
766 1995 959 2064 municipales,
975 1995 1009 2049 cf.
1025 1993 1097 2064 legis
1119 1993 1247 2049 coloniae
1262 1992 1414 2048 Genetivae
1428 1994 1529 2050 Iuliae

344 2063 439 2133 capita
459 2069 491 2118 73
512 2064 602 2120 6174.
639 2063 687 2119 Nil
706 2081 770 2118 cum
788 2066 917 2120 funerum
939 2066 1059 2120 tuitione
1078 2066 1165 2121 babet
1186 2066 1375 2135 fragmentum
1399 2070 1528 2120 senatus

340 2135 460 2190 consulti
485 2136 582 2205 scripti
606 2137 758 2190 seeundum
782 2139 931 2207 praecepta
957 2137 1094 2205 Acciana,
1120 2138 1264 2192 inventum
1293 2153 1380 2206 prope
1404 2140 1529 2205 portam

339 2206 515 2274 Esquilinam
558 2206 641 2274 (Bull.
669 2225 738 2263 com.
762 2209 792 2262 di
819 2210 911 2263 Roma
934 2207 981 2266 llI.
1007 2215 1073 2264 1875
1098 2206 1427 2278 p.194=c.1.L.v1.
1447 2214 1528 2265 3823

339 2295 366 2346 p.
383 2281 453 2346 848).
490 2278 551 2333 Hac
574 2281 602 2334 in
621 2295 650 2333 re
671 2280 776 2334 erravit
794 2281 824 2334 F.
844 2281 972 2334 Wamser
990 2279 1020 2334 in
1039 2282 1104 2336 diss.
1123 2279 1195 2336 Giss.
1215 2280 1366 2334 admodum
1385 2279 1532 2350 diligenti

339 2351 369 2404 et
386 2349 478 2404 nitida
497 2350 542 2405 ‘de
561 2351 621 2404 iure
640 2349 791 2419 sepulcrali
809 2352 997 2406 Romanorum
1012 2352 1080 2421 quid
1098 2353 1175 2407 tituli
1194 2351 1325 2407 doceant’
1347 2355 1415 2406 1887
1430 2370 1462 2420 p.
1480 2361 1530 2408 52.

429 2423 456 2490 2)
480 2423 512 2476 iu
539 2438 633 2490 compo
657 2423 813 2492 Esquilino.
861 2424 995 2493 Sepulcra
1022 2424 1136 2494 publica
1164 2425 1293 2479 solebant
1320 2423 1463 2492 assignari
1495 2426 1529 2479 iu

340 2509 440 2562 eampo
465 2492 567 2548 Martio
588 2496 682 2561 διόπερ
706 2495 954 2562 ἱεροπρεπὲετατον
977 2496 1137 2563 νομίεαντε(
1163 2503 1267 2551 τοῦτον
1284 2496 1335 2551 τὸν
1358 2496 1452 2548 τόπον
1479 2501 1531 2550 καὶ

338 2566 374 2619 τὰ
392 2569 451 2619 τῶν
471 2566 696 2632 ἐπιφανεετάτων
716 2568 844 2634 μνήματα
863 2569 984 2622 {vreden
1003 2569 1202 2623 rorecrsdocuv
1220 2567 1332 2635 ἀνδρῶν
1357 2569 1401 2620 καὶ
1423 2583 1531 2632 γυναι-

286 2675 287 2680 ¹
338 2642 404 2690 κῶν.
463 2635 564 2690 Strabo
590 2637 623 2691 V.
651 2655 679 2706 p.
699 2644 759 2692 238.
799 2639 832 2695 61.
861 2637 1026 2710 Marquardt
1057 2659 1082 2695 v.
1108 2640 1178 2710 priv.
1209 2639 1235 2694 Ι2
1260 2657 1287 2709 p.
1308 2643 1359 2692 360
1388 2642 1450 2695 not.
1481 2645 1529 2695 12.

339 2707 367 2760 u.
383 2706 403 2760 1.
419 2705 449 2761 u.
464 2707 513 2762 rx.
529 2713 598 2762 6161
618 2709 690 2764 inea
707 2727 734 2781 p.
750 2714 810 2766 ese.

905 2933 944 2994 ΙΙ.

428 3073 459 3132 C.
478 3074 500 3132 I.
520 3073 553 3133 L.
573 3075 608 3132 X.
629 3076 714 3134 3903
736 3073 864 3152 Capuae,
883 3074 975 3136 deser.
996 3076 1204 3136 Mommsenus.

428 3232 554 3294 Servata
571 3251 635 3293 esse
659 3235 798 3294 videntur
821 3236 909 3296 huius
933 3238 982 3296 vel
1002 3239 1121 3314 cognati
1141 3238 1224 3297 tituli
1253 3258 1304 3298 sex
1332 3241 1531 3319 fragmenta,

339 3322 390 3380 VI.
406 3323 537 3383 servavit
552 3323 740 3399 Augustinus
755 3326 847 3385 codex
866 3327 951 3386 3258
967 3327 987 3384 f.
1004 3329 1054 3405 56,
1074 3328 1203 3404 quinque
1223 3331 1293 3387 sunt
1311 3329 1341 3387 iu
1361 3331 1531 3408 lapidibus

336 3412 433 3470 Musei
465 3413 667 3490 Neapolitani.
718 3413 867 3485 Quattuor
899 3416 1057 3476 Fiorellius
1091 3419 1121 3476 et
1149 3418 1351 3478 Mommsenus
1384 3420 1531 3484 feliciter

337 3501 523 3572 coniunxere,
542 3504 744 3563 Mommssnus
760 3506 920 3583 supplevit,
939 3508 983 3565 ita
996 3509 1097 3566 tamen
1117 3509 1152 3566 ut
1165 3508 1238 3566 mihi
1257 3527 1304 3567 res
1319 3511 1531 3575 retractanda

337 3594 484 3666 maneret;
503 3592 553 3651 VI.
573 3592 721 3653 incertum
740 3596 787 3654 est
806 3595 876 3670 quid
895 3595 1047 3656 contineat
1060 3617 1191 3673 numque
1209 3599 1248 3656 ad
1266 3598 1322 3658 hoc
1335 3617 1529 3664 monumen·

337 3683 400 3738 tum
418 3683 576 3757 pertineat,
595 3683 631 3741 V.
649 3683 770 3744 videtur
788 3686 907 3744 easdem
926 3704 974 3745 166
996 3685 1133 3763 idemque
1151 3706 1258 3747 nomen
1282 3689 1439 3749 continere
1467 3713 1531 3755 nec

336 3772 437 3829 tamen
452 3791 519 3829 oum
533 3771 654 3832 I.-IV.
670 3776 771 3848 potest
788 3775 820 3833 in
834 3794 927 3834 unum
941 3776 1088 3854 coniungi.
1117 3777 1194 3854 Legi
1206 3781 1333 3852 possunt
1347 3779 1410 3838 fere
1427 3781 1529 3845 haec:

811 3885 895 3950 (Vide
913 3905 940 3956 p.
960 3886 1032 3953 347.)

424 4075 495 4134 Fuit
508 4077 637 4137 fortasse
652 4079 853 4157 fragmentum
869 4079 905 4142 V.
918 4081 950 4139 in
964 4084 1065 4141 statua
1079 4082 1180 4158 aliqua
1195 4101 1231 4141 ex
1245 4082 1281 4140 iis
1296 4102 1372 4164 quae
1387 4084 1529 4152 I.--IV.

333 4185 362 4223 v.
383 4166 422 4224 15
443 4171 722 4228 commemorentur.
756 4169 875 4228 Titulus
894 4170 920 4229 is
938 4171 1022 4230 cuius
1041 4175 1112 4231 sunt
1130 4173 1262 4230 frustula
1279 4171 1303 4230 Ι.
1323 4172 1360 4232 ΙΙ.
1382 4173 1442 4235 ΠΙ.
1465 4177 1528 4241 IV.
1574 4241 1575 4262 χ

333 4252 453 4313 videtur
472 4256 611 4316 habuisse
630 4278 735 4319 versus
752 4278 776 4320 c.
800 4261 842 4318 80
854 4263 932 4320 -90
951 4261 1129 4322 litterarum.
1168 4260 1275 4340 Caput,
1300 4261 1384 4322 cuius
1409 4271 1531 4331 exstat

332 4363 359 4401 v.
387 4347 415 4416 1,
437 4346 600 4406 maioribus
624 4347 734 4408 litteris
760 4349 875 4424 pictum
900 4352 973 4409 erat.
1011 4349 1120 4428 Cogita
1142 4352 1174 4410 in
1197 4351 1293 4411 altera
1316 4354 1402 4429 parte
1431 4356 1529 4420 basis

330 4431 455 4492 infuisse
481 4454 587 4496 nomen
614 4440 645 4497 et
667 4437 763 4513 ipsam
788 4437 1005 4499 dedicationem
1030 4440 1108 4500 sicut
1131 4442 1162 4500 in
1186 4441 1248 4501 basi
1270 4441 1445 4505 Puteolana
1466 4440 1530 4530 (cf.

331 4541 359 4597 p.
380 4515 459 4604 350)
478 4528 509 4584 61
526 4526 558 4584 in
576 4526 675 4592 titulis
694 4529 774 4610 apud
794 4528 1025 4589 Wilmannsium
1045 4533 1206 4600 cal—98.
