3156 5362
363 308 429 371 324
790 302 945 357 Fridericus
964 301 1102 356 Vollmer:

363 477 475 536 funeris
498 475 611 551 publici
637 475 818 532 ornaverunt
845 471 980 532 homines
1003 464 1164 551 creduli¹),
1191 469 1468 529 commemorandus
1497 472 1544 526 est

367 567 399 626 T.
420 565 558 624 Siccius
582 563 762 622 Dentatus
790 564 908 638 legatus
931 561 1019 620 heros
1043 551 1221 636 plebeius.²)
1263 557 1352 617 Hunc
1375 559 1543 617 secundum

363 655 521 730 plebeiam,
542 673 616 730 quae
635 653 690 711 hac
709 670 826 730 quoque
844 651 876 708 in
895 670 928 709 re
945 650 1088 726 patricios
1107 649 1324 725 aemulabatur,
1343 647 1541 707 traditionem

364 745 526 818 Dionysius
541 732 846 820 Halicarnassensis³)
866 742 971 799 narrat
990 739 1100 798 milites
1113 737 1254 797 habuisse
1268 739 1373 811 ruofi(
1388 732 1543 810 δημοεία(

365 828 463 894 ἄξιον.
496 823 630 911 Livius4)
650 851 713 889 rem
732 829 828 889 fusius
847 829 947 888 refert.
981 828 1075 888 Siccic
1094 847 1149 904 per
1162 827 1286 886 iusidias
1301 827 1544 885 decemvirorum

364 942 441 981 anno
453 915 599 998 307s447
612 921 642 978 in
653 919 772 978 Sabinis
782 918 879 977 occiso
894 912 1035 977 ‘invidiae
1048 919 1138 993 plena
1152 919 1252 976 castra
1266 919 1353 975 erant
1367 919 1397 974 et
1412 916 1543 974 Romam

249 1031 255 1040 ·
364 1013 436 1069 ferri
451 1011 588 1086 protinus
603 1008 729 1068 Siccium
744 1008 891 1085 placebat,
905 1009 936 1066 ni
951 1007 1111 1067 decemviri
1125 1007 1215 1064 funus
1230 1006 1361 1064 militare
1376 1005 1403 1064 ei
1417 1005 1546 1080 publica

363 1102 499 1176 impensa
517 1101 614 1158 facere
633 1099 845 1157 maturassent.
883 1096 1025 1172 Sepultus
1043 1096 1159 1172 ingenti
1178 1095 1306 1154 militum
1333 1087 1546 1173 maestitia'.5)

454 1506 482 1640 ὁ)
500 1571 541 1626 De
562 1571 673 1625 ‘funere
693 1568 826 1624 militari’
852 1573 919 1639 post
936 1567 1104 1624 (lutherium
1123 1567 1234 1637 (Graes.
1254 1569 1361 1636 antiqu.
1380 1569 1461 1623 Rom.
1484 1568 1545 1622 ΧΠ.

365 1663 394 1714 p.
409 1645 489 1714 1099)
507 1659 645 1710 nusquam
664 1640 839 1696 accuratiora
857 1641 970 1696 invenio
993 1657 1084 1710 neque
1108 1642 1183 1708 apud
1201 1640 1435 1708 Marquardtium.
1476 1642 1548 1694 Post

364 1733 475 1840 „„,.
492 1715 657 1839 lltff‘ll
673 1711 1019 1854 „„.A,.,i,.„,.,
1032 1710 1546 1852 “fictili<titubant

366 1859 398 1912 fit
421 1874 505 1926 quam
529 1855 672 1911 celerrime
700 1856 805 1909 habita.
844 1853 881 1908 Os
905 1857 1044 1910 resectum
1066 1857 1099 1909 ut
1121 1856 1236 1909 domum
1262 1853 1422 1908 mitteretur
1445 1854 1546 1924 ibique

369 1928 537 1999 sepeliretur
554 1945 589 1982 nc
606 1928 688 1997 putes
703 1926 732 1980 in
748 1926 876 1981 omnibus
891 1926 998 1981 civibus
1014 1925 1146 1979 Romanis
1160 1927 1264 1980 lactum
1280 1942 1349 1994 esse,
1370 1942 1546 1994 quemquam

364 2002 422 2054 iam
440 2016 492 2070 per
511 1999 563 2053 XII
577 1998 690 2054 tabulas
709 1997 816 2052 licebat
829 1999 857 2051 in
872 1997 1009 2052 mortibus
1029 1996 1139 2051 bellicis
1154 2000 1183 2052 et
1196 1996 1352 2066 peregrinis
1368 2013 1433 2051 ossa
1446 1996 1546 2066 legere
1565 2051 1566 2066 ,

367 2088 421 2140 quo
440 2074 506 2141 post
525 2071 608 2123 sunus
626 2069 713 2124 fieret.
751 2069 976 2123 Consentaneum
1000 2070 1043 2123 cst
1061 2069 1185 2123 mortuos
1209 2068 1336 2123 consules
1359 2067 1471 2136 legatos
1495 2071 1545 2123 tri-

366 2144 455 2196 bunos
469 2143 634 2212 plerumque
648 2141 767 2195 Romam
781 2143 984 2210 transportatus
999 2156 1066 2194 esse.
1099 2141 1208 2194 Funera
1221 2139 1335 2208 quidem
1349 2140 1379 2194 P.
1389 2137 1546 2194 Deciorum

364 2214 461 2269 Livius
474 2213 603 2284 (Vlll.10
619 2215 648 2266 et
660 2212 694 2267 X.
705 2215 749 2281 30)
764 2213 793 2266 in
808 2211 907 2266 castris
923 2212 1009 2265 ‘omni
1025 2212 1131 2266 honore
1145 2209 1330 2279 laudibusque
1344 2209 1465 2265 meritis’
1485 2213 1547 2267 fieri

366 2286 436 2339 lacit
453 2286 584 2352 idemque
604 2282 718 2337 videtur
735 2281 790 2337 sibi
807 2284 978 2353 persuasisse
997 2285 1032 2336 de
1048 2283 1089 2336 Ti.
1105 2281 1268 2353 Sempronio
1283 2282 1408 2338 Graccho
1428 2286 1547 2338 mortuo

366 2375 390 2412 a.
409 2355 532 2427 clostra
552 2354 647 2423 (XXV.
664 2357 717 2423 1⁷).
755 2355 795 2409 De
813 2352 897 2408 Drusi
915 2355 1011 2409 funere
1030 2357 1128 2409 auctor
1145 2355 1223 2408 haud
1246 2356 1415 2424 spernendus
1435 2357 1546 2410 consol.

365 2429 400 2481 ad
418 2426 476 2482 Liv.
491 2430 527 2497 (v.
545 2432 595 2480 169
604 2426 675 2494 sqq.)
694 2425 792 2480 scribit
811 2426 921 2479 ‘dacem
941 2427 1044 2480 arsuris
1063 2425 1198 2481 exercitus
1217 2425 1307 2480 omnis
1324 2426 1352 2480 in
1367 2425 1453 2480 annis
1468 2426 1547 2482 inter

365 2514 438 2567 quae
457 2497 541 2567 periit
558 2513 662 2567 ponere
681 2499 772 2550 certus
793 2500 866 2551 erat:
886 2497 1005 2551 abstulit
1022 2496 1119 2552 invitis
1137 2513 1236 2567 corpus
1256 2496 1416 2551 venerabile
1432 2497 1547 2552 frater’.

364 2569 433 2624 Post
452 2586 577 2639 pugnam
597 2569 692 2624 autem
710 2567 897 2622 Mutinensem
915 2567 1022 2623 Hirtius
1049 2572 1078 2622 et
1097 2570 1188 2623 Pansa
1204 2567 1317 2638 publice
1336 2567 1442 2623 Romae
1461 2568 1545 2624 fune-

364 2642 421 2696 rati
440 2643 506 2695 sunt
524 2639 597 2709 (Vel.
612 2640 685 2695 Max.
702 2639 734 2694 V.
750 2645 774 2695 2.
792 2643 845 2709 10),
865 2640 969 2694 milites
983 2638 1113 2709 volgares
1128 2655 1145 2693 a
1158 2638 1288 2694 Nursinis
1302 2641 1411 2695 tumulo
1426 2641 1546 2710 publice

363 2715 505 2767 exstructo
529 2711 636 2766 conditi
658 2711 747 2781 (Suet.
761 2711 832 2782 Aug.
850 2715 909 2781 12),
938 2711 1042 2765 Rornae
1070 2711 1170 2764 iisdem
1199 2712 1231 2765 ut
1258 2709 1400 2766 locaretur
1426 2712 1546 2781 publice

364 2786 576 2838 monumentum
596 2781 692 2837 Cicero
719 2785 816 2836 auctor
838 2782 894 2836 fuit
916 2783 944 2837 in
970 2783 1069 2837 senatu
1087 2786 1137 2851 (or.
1156 2782 1228 2836 Phil.
1243 2781 1316 2836 XIV.
1332 2785 1377 2851 38)
1401 2784 1491 2852 atque
1515 2785 1546 2837 id

364 2857 396 2910 ut
416 2856 476 2925 ipse
497 2854 566 2908 dicit
583 2857 651 2907 tunc
669 2853 790 2923 primum
810 2853 984 2922 postulatum
1004 2855 1047 2908 est
1061 2853 1136 2921 (ibid.
1153 2856 1207 2922 33).
1240 2853 1358 2908 Senatus
1373 2853 1460 2925 igitur
1478 2872 1545 2909 con·
1563 2919 1564 2922 Ἴ

363 2927 468 2980 saltum
488 2925 563 2994 quod
578 2925 722 2995 Appianas
740 2924 777 2996 (b.
793 2941 816 2979 c.
832 2926 852 2979 Ι.
867 2926 912 2994 43)
931 2942 1004 2979 anno
1020 2925 1129 2997 004Ἀ90ἱ
1141 2925 1292 2979 Ῥουτιλίου
1306 2925 1347 2992 (Ρ.
1363 2925 1453 2980 Rutili
1469 2927 1546 2996 Lupi

364 3001 432 3067 cos.)
455 3003 507 3051 τοῦ
534 2998 660 3061 reparer
687 2999 732 3049 καλ
759 3000 871 3050 πολλῶν
899 2998 991 3050 ἄλλων
1018 2998 1164 3064 ἐπιφανῶν
1187 2998 1230 3050 ἐπὶ
1258 3000 1353 3064 ταφὴν
1377 2998 1405 3050 ἐ(
1430 2998 1546 3065 Ῥώμην

364 3071 537 3136 ἐνεχθέντων
555 3068 661 3121 factum
682 3084 742 3122 csse
760 3069 882 3122 testatur
901 3085 1011 3136 quoque
1028 3067 1134 3121 iussum
1154 3071 1215 3122 erat
1232 3071 1299 3122 τοὺ(
1313 3070 1545 3135 ἀποθνὴεκοντα(

363 3143 393 3194 ἐν
412 3147 471 3195 τοῖς
488 3141 618 3206 πολέμοιο
636 3141 755 3206 ἔνθαπερ
775 3141 809 3192 ἂν
829 3141 929 3193 eduum
949 3141 1096 3194 θάπτεεθαι
1114 3145 1166 3193 τοο
1186 3142 1222 3206 μὴ
1237 3142 1305 3194 τοὺ(
1318 3143 1431 3194 λοιποὺς
1444 3141 1478 3194 ἐκ
1493 3148 1546 3210 τῆ(

363 3215 457 3278 ὄψεως
485 3212 685 3278 ἀποτρέπεεθαι
712 3215 771 3264 τῶν
796 3216 948 3278 (spurciciis
971 3209 1084 3266 videtur
1107 3226 1162 3265 non
1186 3210 1337 3280 diligenter
1360 3212 1546 3268 observatum

363 3300 434 3338 esse.
444 3314 477 3323 -
489 3282 595 3348 Quodsi
609 3281 719 3337 occasio
733 3283 897 3352 postulabat
906 3282 937 3335 ut
946 3282 1050 3351 singuli
1059 3281 1255 3337 superarentur
1263 3281 1378 3350 milites,
1392 3281 1545 3352 impensae

364 3371 399 3409 ex
418 3354 566 3409 undecimo
584 3352 648 3408 lolli
670 3352 824 3421 dabantur,
851 3353 892 3408 ‘in
911 3354 1006 3422 quem’
1031 3355 1104 3408 teste
1122 3352 1244 3424 Vegetio
1259 3353 1292 3410 ll.
1307 3359 1343 3408 20
1368 3356 1440 3410 ‘tota
1463 3353 1546 3426 legio

365 3425 534 3496 particulam
554 3424 679 3493 aliquam
699 3424 862 3480 conferebat
885 3425 1044 3494 sepulturae
1068 3424 1177 3480 scilicet
1200 3442 1296 3493 causa,
1318 3427 1350 3480 ut
1373 3425 1398 3479 si
1421 3426 1486 3494 quis
1512 3447 1547 3484 ex

364 3496 609 3552 contubernalibus
629 3495 791 3566 defecisset,
810 3497 844 3551 de
863 3495 914 3550 illo
932 3497 1080 3552 undecimo
1101 3513 1181 3552 saeco
1201 3498 1236 3551 ad
1256 3496 1429 3578 sepulturam
1448 3497 1546 3565 ipsius

361 3569 537 3639 promeretur
555 3567 698 3637 expensa'.
734 3567 827 3637 Atque
847 3571 879 3622 ut
898 3571 991 3622 castra
1009 3565 1063 3622 viis
1082 3569 1143 3624 foro
1161 3567 1297 3624 tribunah
1321 3569 1418 3624 urbem
1440 3567 1543 3626 imita-

361 3641 477 3709 bantur,
502 3640 546 3694 ita
564 3639 686 3694 conicias
705 3638 810 3693 funeris
829 3639 899 3693 ritus
923 3643 1078 3694 castrenses
1102 3641 1138 3694 ad
1160 3640 1282 3695 urbanos
1305 3640 1441 3696 formatos
1466 3659 1542 3698 esse.

362 3712 494 3766 Fortasse
512 3711 655 3780 praefecto
675 3712 829 3765 castrorum
848 3709 1066 3782 (Veget.ll.10)
1084 3707 1158 3767 iuter
1176 3729 1292 3767 munera
1310 3714 1371 3767 erat
1388 3711 1433 3766 his
1452 3714 1542 3768 rebus

361 3781 1543 3925 ltitul...tlssffiitttalttttSitit⁰tttlt¹¹tltttdillt

361 3942 457 3995 pugna
475 3925 637 3981 Pharsalica
654 3925 806 3980 fortissimo
825 3924 919 3995 ipsum
938 3926 1084 3981 Gaesarem
1107 3927 1201 3994 τάφον
1224 3927 1365 3994 ἐξαίρετον
1383 3928 1466 3992 ἐγγὺς
1486 3937 1543 3982 τοῦ

360 3997 548 4065 πολυανδρίου
563 3997 683 4051 dedisse.
710 3996 748 4050 Et
761 4014 845 4066 supra
859 3997 916 4052 iam
932 3996 1211 4052 commemoravimus
1226 3997 1364 4052 militibus
1378 3996 1445 4052 Dec.
1455 3997 1543 4053 Bruti

361 4069 391 4121 in
409 4086 505 4139 pugna
521 4067 676 4123 Mutinensi
694 4067 783 4122 caesis
802 4085 819 4122 a
836 4067 965 4123 Numinis
983 4068 1096 4137 publice
1114 4068 1254 4124 tumulum
1274 4071 1445 4124 exstructum
1464 4087 1543 4140 esse,

361 4138 441 4194 cuius
460 4139 559 4193 titulus
578 4141 698 4194 testatus
717 4156 764 4194 ecs
779 4139 842 4209 ‘pro
856 4139 989 4196 libertate
1003 4138 1178 4196 occubuisse’
1196 4138 1346 4197 Octaviani
1359 4140 1430 4195 iram
1445 4144 1544 4198 morit

361 4210 448 4279 (Suet.
468 4211 540 4279 Aug.
566 4213 617 4279 12).
666 4210 777 4265 Similes
804 4210 923 4266 honores
952 4211 981 4267 O.
1005 4208 1126 4266 Hostilio
1155 4215 1184 4266 et
1211 4212 1240 4268 P.
1264 4209 1384 4282 Egnatio
1412 4211 1541 4268 tribunis

361 4282 481 4350 legionis
495 4281 547 4336 XV
565 4299 582 4336 a
601 4282 787 4337 Oilinensibus
807 4284 836 4336 et
853 4281 1027 4338 Norensibus
1049 4282 1162 4339 habitos
1187 4301 1246 4339 esse
1270 4282 1361 4338 voluit
1383 4283 1433 4352 qui
1455 4285 1544 4339 finxit

360 4351 459 4407 titulos
474 4354 549 4422 apud
565 4353 712 4408 Gruterum
727 4373 754 4423 p.
766 4353 886 4409 DXLIV.
897 4359 922 4409 4.
934 4360 958 4409 b.
978 4355 1012 4410 cf.
1024 4353 1053 4408 O.
1063 4354 1083 4411 I.
1095 4354 1124 4410 L.
1134 4354 1168 4410 V.
1182 4360 1258 4411 1807.
1289 4354 1331 4409 De
1342 4353 1426 4408 Siccii
1440 4359 1542 4412 autem

360 4424 458 4477 funere
477 4426 550 4479 unde
569 4425 710 4494 progressi
730 4442 824 4481 sumus
842 4425 1031 4481 coniecturam
1046 4426 1137 4481 facere
1151 4444 1207 4481 non
1221 4443 1323 4496 operae
1339 4443 1399 4481 esse
1413 4429 1543 4496 pretium

361 4497 441 4550 duco.
475 4495 513 4549 Ar
532 4497 599 4549 data
617 4495 764 4551 occasione
778 4496 857 4552 lubet
871 4498 1005 4552 adnotare
1018 4513 1075 4553 non
1088 4496 1253 4554 inusitatum
1268 4497 1356 4554 fuisse
1370 4497 1444 4552 sicut
1458 4500 1544 4558 vivos
