3156 5362
350 291 414 356 338
780 287 936 345 Fridericus
955 289 1093 345 Vollmer:

349 461 426 521 torio
445 461 617 537 praesentia
636 460 765 519 militum
783 461 873 520 armis
893 452 1115 540 fulgentium.1)
1153 460 1217 520 Iam
1232 460 1397 538 imaginum
1410 478 1526 535 pompa

349 551 380 608 in
408 551 564 610 funeribus
592 549 719 625 privatis
748 551 886 608 conclusa
913 549 994 607 intra
1022 549 1151 624 gentiles
1185 549 1383 625 amplificatur
1411 549 1526 607 additis

348 640 483 714 personis
502 659 606 699 sorum
624 639 676 715 qui
694 638 725 696 in
741 639 906 714 republica
920 638 968 697 vel
983 638 1058 698 alias
1073 630 1266 720 eminuere.²)
1298 639 1364 697 Non
1380 638 1526 697 minimus

349 729 455 789 deinde
473 729 587 788 funeris
605 728 719 804 publici
737 729 830 788 honos
852 729 884 786 in
907 746 941 786 eo
960 727 1151 804 versabatur,
1178 729 1258 804 quod
1281 729 1385 787 laudas
1408 727 1526 787 mortui

349 819 388 877 ab
407 821 526 878 oratore
546 837 634 894 quem
657 818 762 879 civitas
785 817 817 875 in
839 817 896 875 hoc
919 816 1049 876 officium
1073 817 1277 877 constituebat
1298 817 1418 893 publice
1442 817 1525 875 dice—

348 899 501 989 bantur.³)
538 909 562 965 E
586 908 652 966 foro
676 908 713 965 ad
736 927 844 984 rogum
866 906 1046 983 portabatur
1071 907 1166 967 lectus
1189 925 1207 966 a
1230 907 1303 967 viris
1326 897 1527 984 nobilibus4),
1573 971 1574 984 q

348 1015 416 1056 cum
444 998 475 1055 in
503 998 607 1055 funere
633 996 750 1072 privato
778 997 834 1062 hoc
862 995 993 1055 officium
1022 997 1193 1056 conveniret
1220 995 1290 1055 filiis
1318 996 1366 1056 vel
1393 995 1525 1054 libertis.

349 1085 538 1145 Comitantur
561 1089 662 1144 autem
685 1086 840 1162 exsequias
863 1104 922 1145 non
945 1087 1041 1145 solum
1064 1085 1223 1160 propinqui
1247 1087 1298 1145 sed
1323 1086 1527 1160 magistratus
1573 1087 1574 1134 ἲ

349 1179 380 1234 et
397 1176 525 1235 maiores
545 1176 576 1233 et
594 1176 723 1235 minores
742 1178 833 1253 atque
852 1175 943 1233 etiam
961 1174 1126 1251 pontifices,
1145 1175 1196 1250 qui
1214 1193 1322 1250 rogum
1336 1167 1528 1255 ambeuntsl)
1573 1171 1574 1242 ᾖ

350 1264 558 1340 Spectaculum
577 1265 746 1342 augebatur
764 1265 891 1324 decursu
910 1263 1048 1341 ludisque
1067 1264 1249 1323 militaribus
1264 1264 1342 1322 circa
1356 1283 1472 1342 rogum,
1494 1263 1528 1321 in
1573 1281 1574 1308 ι

349 1353 458 1428 quibus
477 1355 592 1431 equites
611 1357 643 1413 et
661 1354 776 1429 pedites
792 1345 1032 1434 cernebantur.⁶)
1065 1354 1170 1428 Neque
1185 1354 1315 1412 incensio
1330 1353 1395 1428 rogi
1410 1353 1529 1411 honore

348 1444 479 1518 carebat,
498 1444 590 1503 fiebat
609 1444 687 1502 enim
707 1463 742 1502 ex
760 1443 900 1502 mandato
926 1442 1045 1518 publico
1068 1445 1103 1501 ut
1126 1443 1246 1502 videtur
1268 1445 1322 1501 aut
1344 1462 1398 1518 per
1421 1446 1530 1500 centu-

307 1605 309 1609 ·
345 1525 481 1612 riones⁷)
502 1535 554 1591 aut
573 1552 627 1608 per
647 1525 816 1613 consules⁸)
836 1536 889 1592 aut
907 1552 961 1608 per
979 1550 1180 1592 successorem
1197 1523 1430 1612 imperatoris.⁹)

437 1705 462 1771 1)
482 1703 563 1769 Quod
581 1703 702 1757 sciamus
720 1703 825 1757 milites
844 1702 966 1772 primum
984 1703 1014 1758 in
1037 1701 1136 1758 funere
1154 1701 1277 1772 Augusti
1299 1702 1377 1756 iussu
1400 1702 1528 1770 impera-

346 1774 416 1828 toris
434 1775 561 1832 aderant.
597 1772 710 1828 Tacitus
729 1792 763 1829 ex
781 1774 875 1829 animo
893 1774 1000 1830 liberae
1018 1775 1060 1829 rei
1078 1774 1208 1845 publicae
1227 1774 1353 1829 studioso
1379 1774 1530 1827 invehitur

344 1845 375 1898 in
403 1847 476 1899 hanc
503 1863 561 1900 rem
590 1863 693 1900 novam
717 1849 791 1916 (ann.
806 1845 827 1899 I.
843 1853 860 1900 8
879 1846 913 1902 cf.
929 1845 977 1901 Ill.
992 1849 1028 1916 4).
1071 1845 1178 1911 Quodsi
1203 1846 1347 1900 funeribus
1372 1845 1470 1899 Sullae
1497 1849 1530 1899 et

348 1917 476 1971 Caesaris
496 1918 646 1987 scriptores
665 1917 791 1972 referunt
809 1916 914 1972 milites
932 1918 1057 1972 armatos
1076 1917 1208 1986 adfuisse,
1227 1933 1272 1972 res
1290 1918 1332 1971 ita
1347 1916 1530 1986 expedienda

347 1992 391 2042 est
408 1990 442 2041 ut
459 1990 620 2058 reputemus
638 1990 786 2044 veteranos
805 1990 879 2044 ultro
902 1987 986 2043 funus
1004 1991 1167 2058 prosecutos
1187 2004 1247 2044 esse
1267 1990 1448 2059 (ςννέδραμον
1470 1991 1530 2056 γὰρ

344 2063 450 2129 ςπουδῃ
468 2059 541 2130 App.
560 2062 586 2122 b.
611 2078 633 2115 c.
649 2060 669 2114 l.
692 2064 762 2129 106).
799 2059 926 2114 Lucanus
946 2060 1033 2129 igitur
1051 2062 1159 2130 fingens
1177 2060 1260 2116 funus
1278 2061 1421 2130 publicum
1438 2060 1530 2127 quale

348 2131 482 2200 Pompeio
505 2131 567 2186 fieri
590 2130 718 2186 debuerit
742 2131 827 2201 (VIII.
848 2137 898 2186 729
907 2133 978 2201 sqq.)
1004 2131 1047 2185 sui
1072 2132 1207 2202 temporis
1234 2132 1321 2186 ritum
1343 2132 1374 2185 in
1397 2131 1532 2186 anterius

347 2202 433 2257 refert-
451 2220 514 2258 cum
535 2203 632 2258 scribit
651 2206 735 2273 (734.)
755 2203 843 2258 ‘totus
857 2207 890 2257 ut
903 2199 997 2273 ignem
1012 2203 1144 2273 proiectis
1159 2204 1210 2272 (sic
1224 2205 1300 2257 recte
1315 2202 1394 2258 codd.
1414 2195 1533 2258 seilicet

347 2275 446 2328 eodem
473 2291 555 2329 sensu
583 2291 638 2344 quc
667 2273 770 2328 dicitur
792 2273 961 2330 vocabulum
985 2275 1021 2328 ab
1039 2274 1126 2330 Hosio
1149 2275 1326 2345 propositum
1350 2275 1530 2343 ‘protentis'‚

347 2346 383 2400 cf.
402 2345 532 2415 exempla
548 2348 675 2400 veterum
694 2363 712 2401 a
729 2344 873 2401 Macrobio
895 2347 1006 2400 servata
1022 2346 1079 2417 [VI.
1096 2352 1120 2400 4.
1138 2347 1233 2417 14sq.]
1248 2349 1278 2400 et
1290 2347 1349 2401 Liv.
1361 2344 1477 2400 XXXII.
1493 2353 1531 2400 25

347 2417 423 2472 ‘cum
441 2417 567 2486 proiecto
586 2433 653 2486 prae
672 2433 701 2472 se
721 2417 767 2471 clu
788 2433 821 2471 eo
846 2417 948 2472 staret'
974 2420 1004 2471 et
1027 2419 1130 2472 Lucan.
1145 2417 1192 2472 IV.
1209 2423 1260 2473 tto
1285 2417 1392 2490 ‘[equi]
1417 2433 1532 2486 oraque

348 2489 477 2557 proiecta
495 2489 625 2557 squalent
644 2487 753 2543 arentia
768 2436 894 2559 lingua’)
913 2505 1040 2544 maerens
1060 2489 1198 2544 exercitus
1217 2489 1324 2544 ambiat
1342 2488 1449 2544 armis'.

435 2561 463 2629 2)
481 2559 549 2614 lnde
560 2577 577 2613 a
587 2559 706 2615 Romulo
716 2560 769 2615 viri
778 2559 947 2630 principales
959 2560 989 2614 in
1000 2561 1122 2630 Augusti
1136 2561 1233 2615 funere
1246 2559 1390 2630 personati
1404 2560 1533 2616 aderant

343 2632 416 2685 teste
436 2631 523 2684 Dione
544 2637 585 2685 te.
602 2637 644 2685 34.
665 2638 689 2700 2,
709 2633 739 2686 et
756 2629 786 2684 in
804 2632 900 2686 funere
920 2631 1015 2687 Severi
1038 2634 1095 2686 όςοι
1115 2631 1259 2699 Ῥωμαίων
1283 2634 1403 2687 ἐνδόξως
1427 2633 1531 2701 ἑςτρα-

344 2704 468 2770 πήγηςαν
482 2705 499 2771 ἢ
515 2703 686 2769 ἑβαςλλενςαν
700 2703 862 2772 (Herodian.
877 2702 924 2758 IV.
935 2709 960 2757 2.
971 2705 1023 2772 10).
1052 2702 1174 2773 Longius
1192 2703 1278 2759 etiam
1297 2721 1462 2774 progressus
1485 2708 1533 2760 est

345 2773 462 2828 Severus
482 2773 510 2827 in
529 2773 626 2829 funere
645 2774 809 2843 Pertinacis,
830 2773 894 2829 vide
914 2792 1000 2844 supra
1016 2793 1044 2844 p.
1059 2780 1120 2830 336.

436 2848 463 2914 3)
483 2843 614 2900 conferas
629 2846 664 2898 de
678 2844 888 2900 laudationibus
902 2846 1023 2916 publicis
1037 2844 1262 2901 dissertationem
1276 2861 1368 2901 meam
1382 2846 1412 2902 in
1423 2847 1532 2903 Fleck-

347 2915 436 2970 eiseni
455 2919 547 3014 aqnal.
566 2916 664 2999 philol.
685 2916 895 3014 suppl'XVIII.
915 2917 1053 2988 imprimis
1072 2937 1098 2988 p.
1113 2924 1236 2972 tos-oa
1256 2922 1286 2973 et
1303 2918 1449 2974 Addenda.

348 3058 424 3114 Cass.
436 2990 600 3129 4iliomliiiii.s
619 2987 1028 3129 ἓῗλῗῗόῗΐὲωοῖΤξεῢάθρῖγῗεριΙεῖὲ
1043 2990 1248 3129 ιτςῐςξίὀεαὶτυόῖιχίιελ
1263 2992 1356 3116 leiwid
1375 2992 1533 3119 {litigia

346 3136 390 3186 καί
410 3131 438 3186 αἱ
457 3133 484 3185 ἐς
502 3133 595 3184 νέωτα
613 3132 841 3198 ἀποδεδειγμέναι
860 3135 905 3186 καλ
923 3132 1031 3187 ἱππεθςί
1049 3150 1099 3186 τιτι
1118 3134 1214 3201 φέρειν
1237 3135 1335 3187 ἔδοςαν
1368 3133 1443 3188 Cass.
1471 3134 1533 3190 Dio

348 3208 388 3258 74.
409 3209 433 3257 θ.
452 3203 473 3273 ’,2
503 3203 529 3255 οἱ
551 3206 603 3269 τὴν
631 3205 739 3257 ὕπατον
763 3205 851 3271 ἀρχὴν
875 3206 941 3258 τότε
970 3207 1110 3258 διέποντες
1141 3203 1291 3260 Herodian.
1316 3205 1362 3258 IV.
1384 3211 1444 3260 1.3
1474 3215 1533 3261 τοῦ

345 3291 375 3328 τε
404 3274 515 3328 ἱππικοῦ
543 3276 685 3340 τάγματος
712 3277 902 3340 εὐγενέςτατοι
932 3279 976 3330 καλ
999 3281 1050 3343 τῆς
1077 3276 1230 3344 ςιιγκλήτον
1254 3277 1389 3331 ἐπίλεκτοι
1417 3281 1534 3333 νεανίαι

344 3344 494 3400 Herodian.
509 3340 556 3401 IV.
572 3352 629 3414 Μ
652 3347 706 3400 ἀπὸ
729 3351 781 3413 τῆς
799 3350 900 3414 βουλῆς
918 3349 1018 3415 ἄνδρες
1036 3349 1168 3415 εὔρωςτοι
1191 3347 1311 3417 Appian.
1338 3349 1365 3402 b.
1386 3363 1408 3402 ο.
1429 3349 1449 3403 l.
1476 3357 1533 3405 106

347 3417 373 3469 ol
391 3419 582 3485 λαμπρότατοι
599 3423 658 3471 τῶν
676 3419 749 3470 νέων
768 3420 798 3471 ἐν
816 3424 876 3472 τοῖς
889 3421 961 3472 κατὰ
980 3420 1117 3486 πολέμου(
1135 3420 1226 3486 ἔργοις
1258 3417 1339 3474 Dion.
1359 3419 1424 3474 Hal.
1441 3420 1476 3474 A.
1495 3425 1533 3477 R.

347 3487 421 3546 Vlll.
437 3493 470 3542 59
492 3487 679 3542 ‘tribunorum
699 3489 948 3559 centurionumque
974 3490 1076 3544 umeris
1100 3489 1207 3545 cineres
1225 3489 1405 3560 (Germanici)
1428 3496 1534 3559 porta-

347 3561 449 3613 bantur
469 3577 483 3612 e
504 3557 651 3614 Brundisio
670 3560 799 3614 Romam’
835 3562 900 3616 Tac.
920 3579 983 3616 ann.
998 3562 1046 3617 ΙΙΙ.
1062 3567 1086 3616 2.
1124 3561 1201 3615 Idem
1220 3560 1324 3617 Cordus
1344 3563 1419 3632 apud
1433 3562 1530 3620 Luca-

347 3648 421 3755 ott
434 3629 1332 3773 <illatiditata?zt.l⁰a¹'lt.{tll.⁰ttat⁸s²lt
1347 3635 1532 3762 {illatas

344 3771 510 3914 (Il'efrusinqqq
537 3770 577 3842 (O.
602 3772 622 3828 Ι.
646 3775 676 3828 L.
702 3774 748 3828 ΧΙ.
775 3779 855 3844 1946)
889 3775 1009 3844 ‘equites
1036 3775 1156 3830 Romani
1184 3793 1246 3830 eum
1275 3777 1310 3831 ad
1330 3748 1442 3845 ’rogum
1482 3781 1533 3851 [ut

364 3859 471 3898 eerren
513 3881 520 3896 .

437 3918 464 3984 o)
484 3919 591 3982 πρῶτοι
610 3917 660 3982 μὲν
674 3917 700 3970 οἱ
719 3917 800 3985 ἱερεῖς
818 3919 919 3973 πάντες
936 3922 1085 3986 περιῆλθον
1105 3920 1194 3986 αὐτὴν
1214 3918 1288 3974 Cass.
1308 3919 1362 3974 Dic
1378 3925 1419 3975 56.
1435 3927 1484 3977 42.
1503 3931 1533 3994 2,

346 3986 380 4040 cf.
400 3985 512 4055 Appian
531 3987 551 4040 Ι.
568 3991 619 4041 106
637 4005 664 4056 p.
681 3993 749 4059 6724
764 3989 802 4044 M.

435 4060 462 4128 6)
481 4075 555 4113 cons.
570 4057 607 4112 ad
620 4057 678 4114 Liv.
694 4065 754 4114 217.
773 4061 924 4116 Herodian.
935 4061 981 4116 IV.
992 4067 1043 4117 λθ
1058 4061 1171 4116 ἱππαςία
1191 4066 1252 4130 περὶ
1267 4064 1301 4117 τό
1316 4065 1533 4134 καταςκεύαςμα

344 4131 434 4183 ἐκεῖνο
455 4129 578 4196 γίγνεται
596 4135 651 4184 πᾶν
669 4149 701 4184 τε
718 4132 752 4184 τό
766 4131 877 4186 ἱππικόν
893 4135 985 4200 τάγμα
999 4138 1103 4201 περιθεῖ
1117 4135 1209 4204 κύκλῳ
1224 4136 1293 4202 μετά
1306 4152 1381 4188 τινος
1395 4137 1534 4194 εὐταξίας

345 4203 389 4254 καὶ
413 4203 627 4255 ἀνακυκλώςεως
649 4203 785 4272 πυρριχλψ
811 4206 907 4275 δρόμῳ
936 4209 980 4260 καὶ
1003 4208 1107 4275 ῥυθμῷ.
1142 4205 1175 4260 cf.
1197 4205 1272 4261 Cass.
1291 4204 1345 4260 Dic
1363 4207 1381 4260 l.
1396 4208 1415 4260 l.
1435 4225 1466 4276 p.
1483 4217 1533 4268 25.

434 4277 460 4342 7)
481 4274 509 4327 C.
528 4271 582 4328 Dio
602 4279 644 4327 ὅθ.
664 4280 742 4328 42.3
777 4277 863 4343 δᾷδας
886 4278 1083 4343 ἑκατόνταρχοι
1114 4278 1153 4331 ὥς
1176 4296 1230 4331 που
1253 4284 1288 4345 τῇ
1318 4282 1402 4347 βουλῇ
1432 4281 1534 4338 ἐδόκει

344 4345 475 4409 λαβόντες
493 4347 612 4412 ὑφῆψαν
631 4346 728 4413 αὐτήν,

434 4419 461 4484 8)
481 4415 510 4471 C.
525 4414 579 4469 Dio
598 4416 616 4469 l.
631 4416 649 4468 l.

433 4488 461 4556 9)
478 4485 629 4541 Herodian.
645 4486 692 4542 IV.
707 4493 731 4543 2.
750 4496 791 4543 10.
