3128 5352
366 346 408 402 De
426 348 523 402 funere
541 345 654 416 publico
672 345 867 401 Romanorum.
1142 345 1208 410 345
1309 397 1314 406 .

38 517 119 575 valet
131 515 189 576 nisi
200 517 419 592 amplissimum
433 518 524 576 funus
533 509 557 596 1)
573 517 660 594 quale
670 515 901 591 imperatoribus
915 515 988 591 ipsis
1003 515 1071 574 duci
1081 515 1207 574 solebat.

40 605 119 674 Quae
138 606 193 665 hoc
211 606 330 666 nomine
345 607 542 683 designantur
560 607 666 666 funera
681 608 766 665 erant
780 606 901 664 decreta
915 623 934 664 a
948 607 1055 664 senatu
1074 605 1092 665 i.
1112 624 1136 664 e.
1155 625 1207 681 pu-

37 695 120 769 bliea,
140 714 194 754 nec
212 699 314 754 tamen
332 689 511 756 ‘censorium
528 697 619 755 funus
639 695 719 754 idem
739 698 786 754 est
809 713 843 754 ac
866 695 956 753 funus
975 686 1151 772 publicum’,
1174 697 1209 753 ut

37 785 131 842 voluit
148 783 290 845 Blochius
309 787 327 844 l.
342 786 361 846 1.
376 807 403 864 p.
419 788 470 846 39.

462 1039 524 1098 IX.
556 1042 777 1098 Documenta.

416 1180 598 1240 Decreta
625 1178 827 1239 ordinum.

609 1321 633 1382 Ι.

128 1448 187 1507 Cic.
211 1452 287 1508 orat.
313 1436 442 1525 Philipp.
460 1447 512 1507 IX.
533 1451 550 1507 7
578 1441 670 1518 ‘Quas
695 1448 733 1507 ob
752 1467 801 1507 res
819 1449 864 1506 ita
886 1466 1006 1506 censeo:
1031 1445 1127 1517 Quom
1148 1446 1209 1505 Ser.

36 1537 185 1612 Sulpicius
219 1536 252 1608 Q.
277 1539 296 1596 f.
311 1537 463 1598 'Lemonia
491 1538 587 1597 Rufus
620 1537 797 1596 difficillimo
830 1535 873 1596 rei
904 1537 1043 1612 publicae
1076 1539 1210 1611 tempore

35 1627 123 1702 gravi
142 1627 368 1703 periculosoque
387 1627 492 1687 morbo
512 1627 646 1687 adfectus
662 1627 873 1687 auctoritatem
887 1628 1009 1686 senatus
1025 1627 1153 1684 salutern
1167 1625 1210 1684 rei

32 1716 171 1791 publicae
191 1717 270 1776 vitae
290 1736 361 1777 suae
375 1717 585 1794 praeposuerit
603 1717 843 1792 contraque'vim
859 1715 1100 1794 gravitatemque
1114 1715 1211 1774 morbi
1278 1705 1283 1714 ’

32 1805 232 1880 contenderit,
257 1810 291 1864 ut
309 1807 340 1864 in
359 1809 457 1866 castra
476 1807 614 1885 Antonii,
639 1825 698 1882 quo
718 1808 840 1866 senatus
860 1825 928 1864 eum
946 1805 1085 1882 miserat,
1108 1824 1211 1881 pervo-

31 1897 113 1954 niiet
127 1893 220 1972 isque,
235 1915 323 1971 quom
337 1896 399 1955 iarn
412 1915 504 1973 prope
519 1899 618 1956 castra
631 1895 771 1974 venisset,
785 1897 816 1956 vi
830 1895 927 1954 morbi
942 1913 1102 1973 oppressus
1116 1894 1211 1954 vitam

31 1983 169 2044 amiserit
186 1985 219 2042 in
236 1986 364 2044 maximo
383 1985 583 2064 reipublicae
609 2004 740 2064 munere,
766 1985 890 2061 eiusque
908 2003 989 2044 mors
1012 1986 1211 2045 consentanea

30 2075 114 2134 vitae
132 2073 225 2134 fuerit
243 2075 430 2136 sanctissime
449 2075 718 2152 honestissimeque
737 2077 837 2149 actae,
862 2075 894 2133 in
917 2094 976 2150 qua
995 2093 1083 2150 saepe
1101 2091 1211 2150 magno

30 2163 102 2222 usui
122 2162 165 2222 rei
183 2163 319 2238 publicae
334 2164 397 2225 Ser.
413 2164 562 2240 Sulpicius
577 2167 608 2224 et
623 2164 760 2240 privatus
774 2165 849 2224 etin
863 2164 1091 2241 magistratibus
1105 2163 1210 2223 fuerIt:

31 2273 125 2330 quom
143 2252 214 2312 talis
233 2253 279 2312 vir
298 2254 336 2313 ob
355 2254 583 2330 rempublicam
601 2255 633 2313 in
647 2254 798 2331 legatione
815 2255 942 2313 mortem
958 2253 1074 2330 obierit,
1093 2253 1211 2313 senatui

33 2344 155 2418 placere
175 2340 236 2401 Ser.
256 2341 387 2419 Sulpicio
406 2346 538 2403 statuam
561 2343 729 2419 pedestrem
749 2361 872 2403 aeneam
891 2343 923 2401 in
941 2343 1048 2403 rostris
1067 2362 1103 2402 ex
1121 2343 1210 2402 huius

32 2430 150 2490 ordinis
169 2433 318 2491 sententia
337 2433 431 2493 statui
449 2433 619 2510 circumque
638 2451 704 2492 eam
726 2434 860 2493 statuam
877 2434 975 2492 locum
994 2432 1074 2492 ludis
1094 2432 1208 2508 gladia·

29 2521 212 2596 lenibusque
239 2521 351 2582 liberos
379 2525 576 2599 posterosque
609 2523 673 2582 eius
702 2541 925 2598 quoquoversus
957 2522 1048 2598 pedes
1081 2523 1211 2598 quinque

33 2611 158 2685 habere,
177 2609 256 2686 quod
275 2612 300 2670 is
315 2611 352 2670 ob
371 2612 597 2689 rempublicam
617 2613 745 2672 mortem
764 2612 880 2690 obierit,
899 2629 1023 2688 eamque
1042 2630 1162 2672 causam
1180 2611 1212 2670 in

30 2700 99 2760 basi
125 2699 256 2778 inscribi,
279 2701 382 2777 utique
402 2699 434 2760 C.
453 2699 552 2761 Pansa
570 2701 606 2762 A.
626 2700 745 2760 Hirtius
768 2701 905 2762 consules
931 2702 1009 2761 alter
1027 2701 1161 2775 ambove,
1186 2702 1210 2760 si
1237 2691 1240 2696 ¹

29 2792 70 2847 iis
90 2788 237 2864 videatur,
256 2790 465 2866 quaestoribus
484 2791 568 2850 urbis
586 2791 743 2869 imperent,
761 2794 797 2850 nt
816 2809 882 2850 eam
900 2790 999 2850 basim
1018 2793 1207 2866 statuamque

29 2878 202 2937 faciendam
221 2882 253 2938 et
270 2880 302 2938 in
320 2881 425 2940 rostris
445 2881 637 2940 statuendam
655 2880 764 2957 locent,
782 2880 946 2956 quantique
961 2879 1127 2940 locaverint
1145 2883 1206 2939 tan·

27 2974 96 3026 tam
107 2968 263 3043 pecuniam
271 2969 453 3046 redemptori
462 2969 925 3045 attribuendamsolvendamque
935 2971 1052 3046 curent;
1062 2989 1210 3046 quomque

29 3061 127 3116 antea
146 3059 267 3116 senatus
288 3059 500 3119 auctoritatem
518 3078 602 3118 suam
622 3060 652 3117 in
667 3058 801 3120 virorum
819 3059 942 3117 fortium
956 3059 1111 3118 funeribus
1127 3078 1212 3119 orna-

27 3147 204 3221 mentisque
223 3147 395 3217 ostenderit,
414 3149 532 3223 placere
547 3169 614 3209 eum
630 3167 718 3224 quam
733 3147 927 3224 amplissume
941 3167 1080 3224 supremo
1095 3167 1148 3208 suo
1164 3149 1211 3206 die

27 3235 143 3309 efferri,
164 3237 195 3294 et
213 3255 303 3311 quom
318 3236 381 3298 Ser.
401 3237 549 3313 Sulpicius
569 3237 603 3306 Q.
617 3239 637 3296 f.
652 3237 796 3297 Lemonia
814 3235 910 3297 Rufus
929 3238 973 3298 ita
987 3237 1023 3297 de
1038 3257 1071 3296 re
1089 3238 1211 3315 publica

27 3324 162 3384 meritus
182 3325 230 3401 sit,
249 3329 283 3384 ut
299 3326 333 3385 iis
347 3327 531 3388 ornamentis
550 3328 684 3388 decorari
698 3326 815 3404 debeat,
833 3330 970 3387 senatum
985 3345 1106 3386 censere
1121 3330 1211 3403 atque

26 3437 45 3475 e
68 3413 103 3472 re
124 3413 244 3488 publica
263 3415 434 3476 existimare
453 3416 564 3476 aediles
589 3416 708 3476 curules
732 3415 871 3492 edictum,
894 3417 973 3492 quod
996 3416 1033 3475 de
1056 3416 1212 3477 funeribus

25 3495 210 3583 habeant¹),
229 3502 291 3564 Ser.
311 3503 437 3580 Sulpicii
456 3505 489 3576 Q.
509 3506 529 3563 f.
548 3505 692 3566 Lemonia
710 3505 779 3565 Rufi
797 3505 895 3564 funeri
913 3506 1081 3583 remittere;
1105 3506 1211 3583 ntique
1257 3553 1260 3560 .

22 3598 133 3653 locum
159 3593 294 3669 sepulcro
317 3593 349 3652 in
374 3612 478 3669 campo
501 3588 690 3676 Esquilino²)
716 3593 746 3654 0,
771 3595 870 3654 Pansa
894 3594 998 3655 consul
1022 3615 1074 3654 seu
1098 3616 1156 3672 quo
1179 3595 1210 3654 in

23 3687 98 3743 loco
119 3681 271 3742 videbitur
289 3684 378 3760 pedes
398 3684 525 3760 triginta
543 3703 767 3760 quoquoversus
786 3684 933 3763 adsignet,
952 3705 1010 3760 quo
1031 3685 1093 3745 Ser.
1113 3685 1211 3762 Sulpi-

22 3774 96 3832 cius
117 3771 273 3847 infcratur,
297 3773 376 3850 quod
396 3774 563 3849 sepulcrum
587 3774 681 3849 ipsius
699 3774 862 3834 liberorum
877 3777 1126 3851 posterorumque
1146 3775 1210 3833 eius

25 3864 125 3934 esset,
144 3859 190 3920 uti
209 3862 287 3935 quod
307 3862 419 3937 optimo
438 3863 503 3922 iure
520 3863 637 3939 publice
657 3865 828 3941 sepulcrum
848 3863 952 3923 datum
971 3858 1072 3922 esset'

127 3979 153 4046 1)
172 3977 288 4032 edictam
306 3979 378 4048 quod
396 3979 429 4033 dc
446 3980 592 4045 funeribus
605 3981 730 4035 babeant.
759 3981 799 4034 De
819 3979 918 4034 edictis
933 3979 1067 4034 aedilium
1083 3981 1210 4035 conferas

21 4046 207 4120 generaliter
225 4047 402 4118 disputantes
417 4050 541 4105 Thibant
559 4051 634 4108 civil.
654 4050 792 4116 Abhandl.
808 4050 891 4120 VllI.‚
910 4051 1065 4106 Mommsen
1081 4051 1121 4105 St.
1136 4052 1169 4106 R.
1185 4052 1211 4104 1³

22 4141 55 4191 p.
80 4123 136 4173 205
147 4135 207 4188 sqq.
228 4119 254 4172 ΙΙ
276 4137 303 4189 p.
324 4127 375 4175 443
386 4137 447 4190 sqq.
491 4121 623 4177 Edictum
651 4121 686 4177 de
709 4122 854 4177 funeribus
883 4124 965 4191 putes
993 4123 1078 4178 fuisse
1101 4126 1211 4192 partem

20 4190 123 4248 edicti
143 4190 276 4246 aedilium
295 4191 437 4263 tralatioii,
457 4209 540 4262 quam
559 4211 577 4248 a
593 4194 687 4248 nescio
712 4210 767 4263 quo
787 4193 872 4248 aedili
891 4194 1047 4250 confectam
1073 4211 1133 4248 esse
1152 4195 1210 4248 v'eri

20 4261 129 4320 simile
148 4266 191 4317 est
209 4263 362 4318 secundum
386 4263 420 4319 X.
439 4265 661 4320 decemvirorum
684 4266 818 4322 tabulam.
854 4263 921 4320 'Eius
947 4266 1036 4320 multa
1059 4267 1211 4336 praecepta

84 4367 155 4473 ml)
175 4367 358 4460 N—on—inutile
375 4408 445 4475 puto
464 4408 598 4462 adnotare
618 4408 703 4463 ctiam
723 4425 795 4462 anno
817 4413 885 4464 1592
904 4427 931 4478 p.
949 4407 1012 4463 Chr.
1034 4407 1128 4463 ‘funus
1149 4425 1211 4464 cen-

17 4478 143 4535 sorium
162 4475 320 4533 Alexandro
338 4477 471 4534 Parnesio
489 4478 652 4549 imperatori
670 4479 775 4535 invicto
795 4480 976 4535 celebratum’
997 4497 1058 4535 esse
1076 4481 1148 4536 teste
1168 4481 1209 4535 la-

18 4552 99 4622 pide
120 4549 197 4618 apud
216 4548 391 4606 Morcellium
409 4550 489 4606 lexic.
509 4551 596 4621 epigr.
615 4552 641 4605 ΙΙ
659 4569 686 4621 p.
707 4557 748 4605 67.
769 4551 803 4606 cf.
823 4570 850 4620 p.
869 4557 928 4609 32⁷.
